3309 4567
282 534 419 606 dicendo
441 533 653 617 sententiam,
676 531 855 599 orationem
876 532 972 595 istam
997 529 1085 594 N'on.
1109 526 1190 591 Dec.
1212 524 1326 590 haberi
1348 522 1436 588 nulio
1461 527 1556 607 pacto

281 648 582 737 potuisse'fortiter
604 646 775 713 concludit.
827 648 882 715 At
895 645 978 711 haec
1002 659 1086 730 quae
1105 643 1229 730 viginti
1248 640 1383 729 paginis
1406 638 1557 727 disputa·
1624 709 1625 742 3

281 768 350 851 vit,
379 766 494 852 qubus
514 768 616 831 totam
638 764 796 832 orationis
823 768 961 847 quarme
982 760 1208 826 auctoritatem
1231 756 1447 841 labefactari,
1479 775 1558 842 pro-

281 883 402 966 sterni,
424 882 532 949 everti
553 882 665 965 putat,
687 897 782 963 quarn
802 883 953 949 contorte
971 894 1068 963 quam
1089 875 1239 958 quaesita
1263 874 1351 958 sint,
1380 878 1414 937 et
1435 889 1497 959 per
1520 890 1559 936 se

280 999 383 1085 liquet
404 1002 439 1067 et
459 1012 548 1063 nova
567 992 743 1065 AURElhI
765 998 954 1077 conjectura
975 994 1060 1059 satis
1081 992 1243 1079 arguitur.

361 1112 486 1177 Verum
517 1110 603 1177 enirn
626 1126 708 1175 vero
742 1110 772 1173 si
800 1107 885 1173 sudes
905 1106 1056 1174 habenda
1085 1112 1142 1175 est
1159 1106 1331 1172 Ciceronis
1355 1106 1561 1187 testimonio,

278 1228 411 1313 propria
442 1225 502 1289 fuit
530 1225 651 1309 oratio,
683 1238 780 1309 quam
807 1221 921 1290 habuit
940 1226 977 1291 in
996 1223 1126 1290 Senatu
1157 1223 1245 1289 Non
1270 1221 1353 1288 Dec.
1389 1221 1562 1287 Retouisse

279 1344 389 1407 autem
410 1338 588 1407 Consulem
611 1338 653 1407 ad
674 1336 835 1405 Senatum
855 1341 990 1425 saepius
1012 1338 1087 1406 sune
1108 1345 1144 1403 et
1160 1341 1279 1403 ornate
1298 1354 1395 1421 quam
1419 1335 1508 1403 nude
1522 1354 1564 1401 ac

278 1456 443 1540 breviter,
468 1452 531 1519 hoc
557 1455 640 1521 satis
666 1458 796 1523 constat
823 1458 922 1541 atque
950 1452 1060 1522 ΔΗΒ.
1090 1455 1163 1539 ipse
1182 1456 1261 1537 ejus
1283 1454 1333 1517 rei
1353 1458 1462 1519 testes
1483 1453 1564 1519 lacit

279 1573 491 1656 Ciceronem,
522 1571 674 1653 Livium,
702 1570 909 1655 Dionysium.
950 1568 1035 1649 Quid
1062 1570 1165 1653 igitur
1193 1568 1341 1635 interfuit
1369 1570 1458 1635 inter
1478 1570 1564 1635 hanc

280 1691 352 1770 ejus
381 1685 447 1750 dici
480 1686 674 1753 relationem
703 1692 802 1771 atque
834 1691 985 1768 ceteras,
1017 1691 1054 1750 ut
1083 1702 1157 1753 eam
1180 1686 1383 1769 potissimum
1407 1691 1563 1769 tanquam

280 1802 461 1873 orationem
481 1799 648 1885 laudaret,
670 1817 734 1884 qua
754 1800 885 1866 nomine
908 1801 1017 1887 quivis
1036 1800 1205 1866 nummus
1223 1801 1354 1867 minime
1377 1820 1418 1867 ea
1435 1802 1563 1871 intelli-

278 1925 399 2009 geret,
421 1937 504 2005 quae
523 1917 640 1989 referri
659 1918 810 1985 solebant
826 1921 1008 1985 convocato
1028 1908 1173 1985 senatu?
1215 1919 1316 1986 lrnmo
1339 1937 1421 1984 vero
1437 1920 1563 1985 rectius

280 2038 566 2125 orationemque
588 2038 646 2104 vel
669 2055 802 2103 consum
824 2036 942 2103 Cicero
966 2038 1183 2121 constituerit,
1204 2038 1260 2104 vel
1269 2038 1482 2122 judicaverit,
1503 2037 1563 2102 vel

273 2157 468 2221 aenatorum
483 2156 608 2222 animos
630 2162 665 2221 et
679 2156 816 2221 consilia
836 2155 1098 2240 confirmaverit,
1120 2174 1165 2221 ex
1185 2174 1294 2223 rerum
1306 2162 1375 2223 turn
1388 2162 1563 2243 gestarum

281 2272 408 2335 ratione
432 2275 467 2335 et
488 2268 643 2335 Consulis
663 2270 850 2335 conditione
871 2270 1064 2337 relationem
1083 2273 1280 2357 appellatam
1298 2279 1397 2358 atque
1418 2274 1480 2340 hoc
1498 2292 1564 2339 no-

281 2388 368 2453 mine
400 2389 541 2457 maxime
569 2392 636 2453 tum
665 2387 840 2475 magnifice
868 2388 1032 2454 laudatam
1058 2388 1163 2454 fuisse
1191 2388 1327 2455 dixeris.
1371 2391 1563 2461 (irationem

281 2509 389 2575 autem
409 2505 542 2591 haberi,
556 2510 729 2591 autequam
745 2524 831 2571 unus
845 2507 913 2572 vel.
923 2506 1009 2570 alter
1024 2507 1222 2571 sententiam
1241 2487 1383 2592 diceret,
1404 2528 1477 2573 cum
1490 2531 1565 2576 om-

282 2639 345 2693 ues
370 2620 530 2706 judicium
559 2642 683 2689 summo
717 2639 817 2709 opere
846 2627 1097 2709 exspectarent,
1129 2622 1206 2708 quid
1232 2626 1364 2709 poterat
1387 2623 1565 2711 prodesse,

282 2756 377 2822 quum
397 2736 567 2806 Ciceronis
589 2740 760 2825 plurimum
781 2741 992 2823 interesset,
1007 2743 1296 2826 ceterosprimum
1312 2733 1447 2806 audiri‘l
1490 2742 1566 2809 Sed

281 2857 318 2923 ui
337 2852 541 2927 ananelo
562 2856 821 2940 satistaciamus,
851 2858 905 2942 qui
927 2854 1069 2923 habitam
1092 2856 1148 2925 illo
1169 2857 1224 2922 die
1246 2860 1377 2924 omnino
1397 2860 1519 2925 nullam
1543 2882 1565 2927 a

281 2967 443 3039 Cicerone
470 2973 649 3038 orationem
663 2974 811 3056 obtinet,
844 2974 1065 3060 conprobat,
1094 2976 1305 3043 ostendamus
1331 2994 1473 3042 necesse
1498 2984 1564 3063 est,

282 3084 630 3171 potmsseconsnem
648 3092 747 3156 istum
770 3092 953 3158 orationem
971 3091 1095 3157 habere
1113 3111 1210 3178 quum
1229 3111 1274 3160 ex
1294 3100 1462 3181 potestate
1478 3114 1564 3161 con-

282 3204 383 3271 sulari
406 3209 474 3270 tum
497 3222 541 3268 cx
562 3224 671 3272 rerum
694 3216 812 3275 natura
832 3216 867 3275 et
887 3212 1081 3296 scipionum
1104 3213 1355 3280 narrationibus.
1381 3246 1385 3252 ,
1406 3212 1563 3300 Primum,

281 3320 415 3387 licuisse
435 3318 591 3405 Consuli,
611 3326 648 3385 nt
666 3324 788 3389 orando
806 3326 1036 3411 interpellaret
1050 3331 1236 3394 sententias
1255 3334 1353 3415 atque
1367 3347 1411 3394 ex
1425 3333 1562 3415 integro

281 3442 436 3520 rogaret,
456 3441 548 3505 certe
570 3454 665 3504 uerno
686 3446 739 3505 est
759 3444 813 3527 qui
833 3442 979 3527 dubitet,
1001 3446 1056 3529 qui
1077 3443 1367 3513 Pseudo-Asconii
1393 3446 1435 3512 ad
1460 3448 1560 3513 Verr.

280 3550 336 3619 lilr.
358 3552 386 3617 l.
408 3548 444 3638 3.
461 3558 512 3619 90.
546 3550 658 3644 (Bait.
683 3576 716 3642 p.
743 3552 839 3645 184.)
856 3556 948 3623 'haec
968 3561 1074 3625 verba
1097 3564 1313 3648 cognoverit:
1328 3585 1332 3589 “
1350 3568 1462 3643 „metu
1481 3564 1562 3630 dicit

259 3666 545 3756 'legatosposse'
558 3673 718 3757 terrori,
731 3675 927 3760 praesertim
951 3692 1024 3740 cum
1050 3714 1091 3725 -
1119 3678 1153 3742 in
1179 3696 1275 3744 marm
1302 3681 1346 3745 sit
1373 3682 1561 3767 consulum,
