3309 4567
632 297 876 373 ..23-

120 492 224 559 omnia
245 491 320 576 qnia
341 488 424 554 Cato
446 486 595 556 laudibus
617 488 782 566 extulerat
810 487 846 551 in
865 486 979 562 calum
999 489 1295 576 perscribendoque
1316 495 1397 556 cen'-

119 613 246 692 suerat,
277 607 438 673 idcirco
470 608 510 670 in
531 608 622 690 ejus
644 598 902 670 sententiam
925 607 992 669 est
1012 594 1127 668 iacta
1147 603 1397 674 discessio?

69 700 71 705 ⁵
118 724 198 808 Quae
219 723 373 789 verbosi
394 723 526 808 integro
541 718 665 805 judicio
688 725 917 806 perscrutatus
932 720 1011 805 eris,
1028 719 1090 785 hoc
1104 719 1175 783 sele
1191 725 1397 808 perspicuum

117 842 270 907 habebis:
297 840 443 905 Atticum
470 837 512 902 de
533 837 696 904 nonnullis
717 838 752 901 in
772 836 869 901 Bruti
889 836 971 902 libro
994 836 1161 901 erroribus
1181 839 1399 919 quoesiviss‘e:

117 958 253 1023 Brutum
283 956 367 1020 male
397 953 614 1020 emendasse:
646 951 786 1037 denique
808 952 1001 1018 Ciceronem
1021 951 1055 1015 id
1075 954 1290 1038 potissumum
1309 955 1400 1019 vitu-

117 1090 271 1159 perare„
290 1069 374 1156 quod
404 1072 438 1135 in
468 1069 582 1135 ordine
611 1071 792 1135 orationum
814 1073 848 1134 et
869 1088 939 1134 suae
960 1073 995 1135 et
1017 1068 1153 1135 Catonis
1173 1070 1400 1137 constituendo

117 1170 241 1255 Brutus
262 1190 403 1274 tmoiter
423 1188 537 1273 lapsus
550 1188 624 1278 ¹sit3
657 1190 754 1252 etiam
768 1187 982 1275 agrasone,
1003 1187 1088 1274 quod
1103 1189 1295 1256 relationem
1304 1188 1401 1255 (Jon-

118 1305 198 1370 sulis
218 1304 379 1389 laudarit,
401 1322 464 1369 nec
485 1303 591 1369 verbo
611 1302 739 1387 quidem
759 1302 978 1387 indicaverit,
999 1304 1167 1369 consulem
1187 1306 1406 1392 patefecisse.

117 1420 377 1486 cohortatum
398 1434 512 1501 esse,
528 1415 770 1499 judicasse,
791 1417 1134 1499 antequamQUatonem
1146 1419 1335 1486 consuleret
1349 1426 1390 1505 ¹0)

118 1534 242 1618 Quibus
262 1533 409 1620 profecto
431 1532 544 1597 verbis
568 1536 601 1595 et
623 1531 816 1595 relationem
837 1529 995 1596 discernit
1026 1532 1067 1597 ab
1097 1533 1336 1620 cohortatione,
1355 1502 1405 1603 et

118 1669 192 1718 sen
203 1650 316 1715 tenti
327 1667 387 1713 am
405 1666 450 1713 se
470 1647 635 1729 dixisse
649 1648 766 1732 aperit.
789 1647 921 1712 Etenim
931 1646 964 1711 id
976 1668 1073 1715 unum
1085 1647 1203 1716 Cicero
1217 1653 1251 1717 in
1263 1654 1406 1738 epistola

117 1787 331 1857 magnacum
353 1768 529 1833 ambitione
550 1766 717 1848 defendit,
751 1786 817 1833 non
851 1769 907 1832 uni
929 1766 1048 1833 Catoni
1076 1751 1229 1835 severam
1250 1775 1406 1855 conjura·

118 1890 222 1951 torum
242 1884 562 1949 animadversionem·
579 1900 657 1955 esse
685 1882 891 1947 tribuendam
919 1884 980 1948 sed
1001 1869 1199 1974 (ut'salt'em
1220 1888 1405 1953 sententia·-

119 2021 189 2065 rum
211 2000 289 2085 ordo
324 2006 377 2065 est
408 1991 713 2090 epistolaecitatae)
749 2004 845 2083 post
876 1988 1143 2067 Consulares
1173 2007 1208 2067 et
1239 1985 1403 2071 Consules

119 2118 318 2203 designatos
339 2134 379 2180 se
400 2116 614 2200 potissimum·
633 2112 728 2192 idem
740 2115 907 2194 suasisse,
937 2113 1023 2178 idem
1048 2114 1291 2204 judicasse,
1319 2121 1409 2207 quod*

120 2231 251 2297 tandem
284 2229 396 2295 verbis
427 2229 694 2296 luculentioribus
729 2234 764 2294 et
794 2230 941 2316 pluribus
970 2222 1083 2296 Oato.
1107 2229 1268 2301 -Sibimet
1289 2218 1428 2325 ⁴'igitur-

119 2351 183 2436 ipsi
218 2352 329 2429 orator
360 2347 447 2413 haud
479 2346 675 2413 mediocrem
708 2346 815 2413 laudis
846 2366 919 2433 quae
949 2346 1066 2414 Catoni
1097 2348 1258 2422 debeatur
1277 2356 1406 2437 partem

119 2466 283 2552 uindicat:
305 2463 390 2549 quod
411 2463 539 2548 quidem
560 2483 627 2531 non
640 2464 773 2549 liceret,
794 2464 861 2529 nisi
881 2466 1057 2530 sententia·
1068 2468 1197 2554 prolata
1217 2452 1292 2554 ipse
1312 2490 1407 2535 suum

120 2601 248 2669 quoque
269 2586 464 2647 momentum
485 2579 673 2664 adjecisset.
716 2581 837 2665 Neque
859 2580 930 2645 sola
952 2581 1069 2647 relatio
1092 2584 1149 2647 vel
1167 2586 1311 2647 maxime
1329 2584 1410 2649 dili⁴

119 2717 208 2785 gens
230 2703 264 2763 et
285 2700 367 2783 reip..
390 2696 546 2763 salutaris
568 2689 626 2785 [in
647 2695 716 2761 Pis.
739 2700 770 2777 7,
790 2690 867 2785 14.)
898 2696 983 2760 tanti
1011 2698 1142 2781 poterat
1163 2698 1339 2785 aestimari,
1370 2708 1408 2767 nt

119 2820 243 2899 praeter
262 2819 329 2880 tam
350 2812 467 2877 multas
486 2816 517 2877 et
537 2816 605 2875 tam
625 2826 753 2896 graves
774 2812 1048 2895 gravissimorum
1063 2813 1210 2877 virorum
1222 2818 1407 2885 sententias
1519 2780 1523 2794 Ι

120 2904 165 2994 ex
187 2947 229 2994 ea
249 2906 389 2994 maxime
409 2928 570 2993 discessio
592 2926 681 2993 facto
701 2942 779 2992 esse
799 2923 976 2991 diceretur.

203 3044 402 3111 Plutarchus
420 3047 543 3112 deinde
564 3042 655 3138 (vit.
679 3044 748 3109 Cic.
765 3041 842 3135 21.)
864 3062 921 3110 res
941 3049 1066 3132 gestas
1082 3049 1128 3114 ita
1147 3057 1281 3118 narrat:
1308 3068 1406 3139 οὔσης

120 3163 153 3218 δὲ
184 3166 234 3233 τῆς
258 3163 373 3231 γνώμης
399 3166 568 3233 (salvabor)
594 3164 740 3241 ἐπιεικοῦς
762 3164 812 3214 καὶ
839 3166 901 3215 ποῦ’
915 3165 1052 3231 λέγοντος
1080 3166 1171 3225 εἰπεῖν
1193 3172 1404 3225 δυνατωτάτου’

120 3261 215 3337 ῥοπὴν
233 3264 253 3317 o‘
268 3264 399 3333 Κικέρων
416 3262 607 3335 προσέθηκεν,
627 3263 664 3317 οὐ
687 3262 804 3332 μικράν.
837 3260 931 3327 Αὐτός
953 3281 994 3318 τε,
1007 3264 1064 3337 γὰρ
1088 3268 1198 3334 ἀναςὰς
1224 3271 1410 3341 ἐνεχείρησεν.

158 3552 193 3624 ¹⁰)
210 3558 382 3622 Ambiguitas
396 3560 440 3608 ert
450 3560 480 3608 iu
492 3558 630 3621 tempore3
650 3558 681 3607 ut
695 3568 748 3609 nos
760 3558 899 3621 loquimur
907 3558 1075 3624 vernacula,
1093 3545 1196 3621 aliquis
1208 3540 1321 3612 dircritr
1336 3536 1422 3625 „an-k
1527 3520 1533 3538 Ι

172 3728 177 3739 Ι
205 3650 313 3713 tequam
332 3645 560 3735 comulrdasem’',
584 3646 822 3733 quodsscuml’eri·
833 3649 893 3706 lud.
906 3644 1035 3731 iunctm
1048 3647 1163 3701 latinum
1183 3658 1239 3701 non
1255 3649 1309 3702 est.
