3309 4567
722 424 885 561 L

162 638 297 724 'quam
324 634 382 721 qui
403 634 634 721 Imperatorum
655 636 751 701 atate
771 635 924 723 superior
943 632 1048 719 esset,
1072 629 1139 698 diei
1160 634 1315 717 potuisse.
1355 634 1424 701 rs-

181 750 238 809 set
258 740 318 808 boc
339 760 419 807 sane
439 760 544 828 grave
565 745 803 829 argumentum,
824 744 855 805 si
875 740 1059 805 velorator
1079 738 1232 816 distincte
1251 739 1425 806 meditate·
1500 804 1506 815 ,

187 868 249 935 que
270 848 411 937 diecret,
438 849 493 913 vel
513 851 647 913 criticus
670 842 723 934 ip.
746 842 832 913 139.
855 838 965 925 145.)
986 843 1110 929 aliquid
1130 844 1312 929 probasset.
1351 846 1423 911 Ne-

180 975 249 1042 ›que
274 960 368 1045 enim,
397 954 482 1040 quod
502 955 605 1029 verba
624 953 823 1040 praecedunt
835 950 1068 1040 „transcendit
1087 936 1224 1052 Alpes“,
1251 956 1425 1036 consequi-

186 1067 256 1147 tur,
283 1067 320 1128 ut
346 1064 524 1147 prouinciae
546 1064 619 1125 ista
640 1065 732 1125 trans
752 1060 857 1146 Alpes
882 1061 956 1123 sita
978 1061 1062 1143 sint3
1088 1062 1121 1122 et
1145 1056 1425 1123 sustinentur'hae

158 1151 336 1257 =„mu1to“
358 1167 421 1233 alio
442 1168 522 1253 loco,
543 1188 574 1252 p.
588 1162 681 1233 Sulla
703 1162 763 1233 19.
785 1158 821 1245 ἕ.
837 1162 897 1231 53.
919 1159 1011 1244 (coll.
1024 1158 1093 1231 sal
1113 1182 1141 1229 e.
1154 1158 1245 1243 27.)
1267 1168 1322 1252 „in
1343 1183 1425 1252 agro

178 1270 344 1360 Camerti,
371 1270 676 1362 Piceno,..Gallico,
705 1292 802 1358 quas
830 1260 925 1337 oras
952 1274 1069 1356 quasi
1091 1270 1248 1336 morbus
1269 1269 1427 1355 quidam

179 1382 301 1445 ,illius
322 1380 477 1444 furoris
498 1364 769 1465 pervaserat.“
796 1409 838 1421 --
863 1377 1197 1462 Alteroautemlpco
1217 1381 1373 1465 cognatos
1393 1382 1428 1441 et

179 1484 397 1573 domesticos,
427 1488 482 1568 qui
503 1490 638 1551 mentem
656 1486 797 1553 oratoris
825 1483 950 1547 domum
972 1486 1147 1571 revocant,
1175 1488 1267 1569 patet
1287 1493 1429 1547 cosmon

179 1608 281 1677 ¹esse,
306 1593 361 1675 qui
384 1592 545 1657 consulem
567 1594 601 1655 in
623 1597 740 1657 senatu
760 1588 1027 1659 circumsedeant.
1074 1585 1254 1672 Senatores
1275 1595 1370 1677 sunt,
1391 1596 1430 1659 ut

180 1698 293 1773 ,irater
321 1697 475 1779 Quintus:
509 1702 542 1764 et
570 1699 800 1766 circumsederi
826 1701 862 1761 in
889 1699 995 1771 curia,
1009 1697 1172 1762 consulem
1198 1701 1295 1762 etiam
1321 1701 1430 1761 stante

181 1804 355 1890 ⁴republica
374 1806 474 1873 moris
495 1804 609 1893 fuisse,
633 1824 674 1869 ex
696 1800 732 1872 G.
745 1801 888 1870 Caesaris
909 1806 1129 1869 internecione
1151 1808 1345 1892 compertum
1366 1800 1429 1879 ha·

177 1912 310 1978 bemus.
362 1905 656 2001 Ceterumconier,
680 1931 752 1999 qua
777 1908 846 1979 Cic.
868 1912 1063 1981 lamentatur
1084 1936 1146 2003 pro
1167 1913 1293 1981 Milone
1314 1928 1344 1975 c·
1365 1902 1428 1973 3⁵7.

180 2008 223 2094 .§.
249 2013 334 2085 102.
420 2086 425 2093 ,
566 2072 568 2077 .
877 2082 882 2089 ,
1380 2079 1389 2089 ,,

179 2178 184 2190 .
293 2124 461 2192 Postremo
484 2124 566 2192 male
592 2123 704 2216 babet,
723 2127 778 2210 qui
798 2126 917 2199 ibidem
940 2120 998 2209 (ἓ.
1020 2118 1218 2205 15-17.)
1236 2121 1429 2210 reipublice

179 2228 420 2295 studiosissimi
441 2235 669 2315 recensentur,
697 2230 1062 2321 tribunosaerarii,
1082 2231 1318 2317 libertinos,
1340 2246 1430 2310 ser·

181 2356 279 2423 uos,
309 2334 496 2425 apiliaco,
526 2337 607 2421 piaex
625 2340 745 2403 ceteris
772 2358 853 2415 noro
881 2340 1056 2429 scribas,
1088 2357 1194 2427 genus
1215 2339 1275 2401 vix
1295 2353 1430 2419 usquam

182 2442 268 2509 ,aiibi
289 2442 430 2509 locorum
457 2442 622 2509 molestius
644 2434 766 2530 uisum,
797 2436 948 2523 Ciceroni
961 2505 965 2511 .
978 2447 1240 2513 honestissimum
1252 2435 1300 2523 9).
1337 2441 1429 2514 ,Dili-

180 2552 307 2633 ¹genter
329 2546 456 2632 quidem
477 2551 511 2613 et
528 2553 624 2625 acuta
636 2549 780 2625 Abrens.
800 2554 836 2617 in
857 2572 926 2619 eam
946 2572 1013 2619 rem
1036 2547 1280 2638 inquisivit-(p.
1295 2542 1372 2613 126
1389 2576 1431 2587 -

181 2646 315 2741 iiis),
336 2652 606 2739 cujussummaet
628 2660 722 2741 quasi
742 2662 861 2727 vertex
879 2666 1050 2729 sortitio
1066 2664 1247 2729 scribarum
1258 2658 1318 2719 est.
1349 2651 1430 2723 Pri-

180 2778 276 2838 ,mum
293 2760 376 2825 enim
389 2760 492 2829 locum
509 2766 665 2833 orationis
690 2762 1065 2867 manifestoeorruptum
1084 2788 1126 2832 ex
1143 2768 1271 2851 optimis
1278 2761 1376 2830 libris
1395 2760 1432 2822 in
1559 2829 1562 2835 ,

181 2863 278 2949 ,thuna
298 2858 423 2945 modum
444 2871 629 2943 constituit:
651 2868 811 2935 scribas
831 2873 924 2943 item
945 2876 1174 2959 universoS,
1199 2888 1297 2954 quos
1319 2882 1432 2949 quum

180 2990 289 3047 ¹casu
320 2968 386 3039 hic
424 2968 515 3037 dics
548 2970 597 3037 ad
629 2978 815 3039 aerarium
855 2974 1190 3063 frequentasset,
1217 2974 1336 3050 uideo
1367 2970 1430 3033 ab

180 3094 351 3157 ¹resarcire
371 3076 555 3143 debitae
572 3084 800 3161 peccuniae
821 3088 869 3147 et
888 3086 937 3149 ab
959 3075 1270 3169 exspectatione
1289 3082 1432 3166 aujm

179 3187 328 3253 sortis
354 3185 402 3251 ad
428 3204 662 3253 communem
695 3192 864 3265 salutem
891 3208 990 3264 csso,
1009 3173 1265 3257 conversos
1303 3187 1432 3258 Deinde
1510 3175 1514 3181 ’

101 3305 106 3315 “
181 3292 366 3379 reprobata
386 3297 517 3379 penitus
540 3296 720 3363 scribarum
733 3301 914 3384 sortitione,
934 3315 1027 3382 quem
1048 3315 1190 3362 errorem
1205 3301 1298 3381 putat
1317 3313 1431 3382 gram-

161 3456 165 3464 .
193 3402 379 3465 malleorum
400 3418 427 3467 ,c
453 3399 539 3465 falsa
564 3396 733 3473 Ciceronis
761 3394 818 3482 (in
839 3400 928 3470 Clod.
956 3408 990 3469 et
1010 3399 1087 3470 Cur.
1115 3403 1237 3488 inii,
1270 3396 1305 3465 6.
1331 3397 1431 3493 (laeli.

182 3503 248 3592 u,
280 3503 316 3581 2.
343 3524 419 3597 pag.
440 3500 553 3586 332.)
579 3507 752 3579 trecharum
777 3511 1045 3595 interpretatione
1072 3513 1182 3577 natum
1209 3524 1298 3595 esse,
1320 3504 1431 3573 locum

163 3670 165 3677 .
192 3656 415 3677 m

239 3746 265 3805 9)
282 3740 505 3795 Ereboncslus
521 3747 617 3814 ordo,
635 3749 719 3811 quod
734 3764 845 3797 eorum
861 3748 1031 3795 bourinuur
1049 3745 1133 3798 fidei
1151 3744 1273 3796 tabula
1288 3743 1429 3807 publico

181 3875 184 3883 .
277 3835 493 3905 periculaque
510 3838 760 3903 magistratuum
781 3835 1087 3911 committunturiiu
1102 3836 1175 3909 terr.
1191 3835 1247 3903 111,
1263 3840 1309 3899 79.
