3309 4567
640 258 885 333 -25-

117 466 188 511 non
206 447 382 532 intelligat.
426 444 497 512 Sed
517 451 553 511 ut
571 448 710 514 discedit
730 453 843 517 auctor
863 448 1065 517 aPlutarchi
1084 450 1126 517 de
1146 471 1246 522 earo
1261 459 1395 546 judicio,

117 564 168 628 ita
188 580 259 629 rem
274 562 393 626 lectam
415 580 491 628 esse
514 564 691 630 confirmat.
733 565 858 631 Verum
871 583 921 631 ne
939 566 1036 631 unius
1051 566 1217 637 Plutarchi
1236 594 1299 642 nos
1319 575 1397 643 fidei

119 678 302 744 devovisse
324 677 509 765 videamur,
527 679 674 746 tandem
705 687 740 747 ut
771 699 871 748 causa
899 682 939 747 ab
967 682 1114 748 omnibus
1134 689 1279 771 perspici
1299 696 1399 779 atque

118 792 290 879 dijudicari
311 798 429 880 queat,
451 814 595 879 eaquae
615 801 716 882 gesta
736 802 831 886 sunt,
851 817 919 864 non
932 814 1015 885 quae
1029 798 1289 887 probabilissima
1304 805 1400 873 nobis

118 909 317 1003 videantur,
344 915 380 975 ut
400 910 641 977 AHRENSIO
663 913 783 999 placuit
804 908 861 1004 (p.
882 908 978 1005 ab),
1010 913 1070 980 sed
1103 932 1186 1000 quae
1213 924 1350 986 narrata
1379 939 1401 986 a

120 1025 505 1112 diversisscriptoribus
538 1027 600 1093 sibi
630 1047 697 1094 non
717 1034 926 1119 repugnent,
955 1030 1081 1098 institui
1112 1030 1272 1121 colligere
1290 1038 1400 1120 atque

120 1142 275 1210 indicatis
299 1143 485 1210 auctoribus
504 1142 690 1230 disponere.

205 1288 393 1379 Conjuratis
421 1294 563 1359 Lentulo
592 1293 743 1380 Cethego
775 1293 909 1362 Statilio
941 1295 1080 1367 Gabinio
1103 1297 1253 1386 Cepario
1279 1303 1322 1384 ὀ)
1358 1320 1402 1367 ex

52 1432 57 1443 ·
121 1400 260 1474 senatus
278 1408 411 1473 decreto
434 1410 474 1489 ¹¹)
502 1409 536 1472 in
556 1408 691 1472 liberam
713 1406 893 1474 custodiam
914 1411 1043 1476 traditis
1063 1417 1128 1495 ¹²),
1161 1413 1297 1479 Consuli
1327 1416 1404 1497 quiid

122 1528 245 1610 ageret
264 1522 422 1589 dubitanti
451 1522 486 1587 et
508 1524 673 1588 fluctuanti
691 1526 734 1607 ¹²)
768 1544 865 1609 quum
895 1524 1037 1591 faustum
1057 1527 1287 1593 a-mulieribus
1303 1528 1404 1597 'omen

123 1644 289 1708 nuntiatur
307 1645 362 1727 ¹⁴),
385 1640 615 1707 tum-indicium
629 1640 792 1727 defertur,
814 1641 981 1707 alrentuli
1000 1647 1034 1709 et
1052 1642 1197 1730 Cethegi
1211 1644 1339 1712 libertis
1358 1648 1401 1730 ¹5)

123 1763 159 1822 et
178 1760 292 1847 paucis
308 1777 358 1824 ex
379 1759 550 1825 clientibus
570 1758 613 1841 ¹⁶)
636 1759 804 1824 sollicitari
825 1759 960 1845 opifices
978 1761 1023 1843 ¹⁷)
1053 1765 1088 1825 et
1118 1762 1256 1828 servitia
1274 1759 1339 1847 Ι3),
1367 1770 1407 1831 ut·

123 1874 166 1941 ad
185 1894 262 1943 reos
282 1873 469 1942 liberandos
489 1876 669 1961 irrumpant
688 1878 756 1958 ’9)
784 1874 850 1942 Ubi
870 1893 912 1940 ea
931 1878 1041 1961 parari
1062 1879 1291 1963 cognovit·²⁰),
1311 1878 1402 1944 Non.

123 1987 206 2054 Dec.
228 1986 344 2057 Cicero
364 1978 527 2078 praesidiis
544 1992 713 2078 dispositis
727 1996 771 2075 Ἰ)
793 1994 913 2059 clivum
926 1996 1134 2089 capitolinum
1148 2000 1182 2060 et
1190 1995 1295 2062 forum
1310 1997 1405 2088 equi-

123 2100 209 2173 tibus
219 2110 359 2176 munivit
374 2084 430 2192 ²²),
444 2108 604 2195 praetores
616 2112 770 2197 populum
780 2110 822 2176 ad
834 2116 1071 2176 sacramentum
1086 2112 1225 2198 adigere
1232 2112 1336 2195 jussit
1348 2113 1405 2197 ²³),

125 2225 257 2289 senatui
276 2226 310 2289 in
331 2220 436 2290 aedem
457 2223 659 2295 Concordiae
678 2229 739 2311 ²⁴),
762 2239 855 2313 ³quae
876 2217 1060 2295 adlclivum
1083 2226 1409 2315 crpitohuumverat,
1529 2258 1534 2266 ’

124 2333 304 2410 convocato
333 2346 445 2411 retulit
468 2346 512 2429 ²5)
541 2364 678 2430 eumque
699 2350 786 2412 metu
806 2350 988 2412 et‘terrore
1008 2344 1159 2449 implevit
1175 2342 1231 2427 ²⁶).
1274 2341 1405 2409 Deinde

123 2463 234 2546 rogati
254 2454 457 2547 sententias,
478 2458 614 2527 Siamus
632 2464 697 2546 ²⁷),
718 2462 884 2563 Muraena,
906 2460 1045 2526 Catulus
1065 2464 1100 2527 et
1121 2462 1225 2525 ceteri
1243 2456 1310 2545 ²⁸),
1327 2464 1407 2527 ante

124 2576 302 2647 Caesarem
323 2597 436 2649 omnes
453 2582 515 2664 ²⁹),
543 2578 586 2643 de
606 2578 657 2645 his
677 2582 731 2664 qui
752 2576 950 2664 deprehensi
978 2582 1094 2644 essent
1122 2576 1315 2662 supplicium
1346 2595 1405 2640 su-

157 2863 190 2925 ὀ)
207 2860 307 2919 Omnes
319 2872 461 2921 enumerat
473 2871 530 2923 Sal.
543 2869 602 2926 Cat.
618 2866 660 2925 ir.
679 2854 801 2936 Aliquot·
813 2872 887 2924 Plut.
902 2867 962 2920 Cat.
971 2868 1012 2918 22.
1028 2865 1201 2934 Veliensis.
1235 2862 1267 2925 Η.)
1283 2868 1320 2916 id.
1332 2868 1405 2920 alut.

220 2957 280 3012 Cio.
293 2960 333 3010 19.
369 2957 403 3019 ¹²)
420 2962 492 3022 apud
504 2962 652 3026 aratores,
668 2961 742 3015 Plut.
755 2961 791 3009 ib.
800 2961 871 3021 App.
880 2960 910 3011 a.
920 2956 980 3012 Cir.
992 2959 1027 3021 11,
1043 2960 1067 3007 b.
1083 2958 1155 3019 apud
1167 2956 1240 3006 ahos
1253 2960 1406 3020 senatores,

218 3048 277 3097 sar.
291 3048 334 3098 ne
346 3046 470 3099 rombus
482 3051 612 3101 murrum
624 3050 810 3112 xxxvnse.
847 3044 881 3105 ¹³)
896 3047 969 3106 erut.
985 3091 989 3097 ,
1004 3036 1129 3113 1ἰιι-ιιι.
1143 3050 1186 3101 20.
1201 3048 1264 3105 nro.
1303 3044 1337 3105 τε)
1349 3045 1405 3096 sal.

168 3196 169 3199 Ἴ
220 3138 262 3191 eo.
279 3137 349 3199 app.
365 3136 430 3188 nro.
466 3132 501 3194 ¹⁶)
519 3138 576 3191 sar.
614 3136 647 3195 ¹⁷)
665 3138 723 3197 sor.
742 3139 814 3201 app,
848 3132 883 3193 ¹⁸]
899 3134 937 3189 ra.
955 3135 1019 3200 nro.
1056 3131 1090 3209 ξι)
1106 3134 1214 3210 ruam
1231 3125 1405 3189 cremona.

139 3272 142 3279 ,
219 3230 241 3293 ι,
255 3226 296 3283 19.
311 3228 344 3289 x,
359 3226 382 3279 r.
400 3226 435 3275 ar
446 3205 511 3276 'nro
528 3229 589 3291 uo.
603 3226 646 3279 or.
680 3223 715 3285 21)
732 3226 790 3275 sar.
808 3227 881 3289 arn·
915 3207 1028 3285 ²herc.
1040 3227 1145 3281 arare.
1157 3209 1192 3293 11,
1207 3227 1229 3282 1.
1242 3229 1265 3275 r.
1283 3224 1353 3273 run.
1370 3224 1396 3271 rr
1516 3277 1518 3282 ,

178 3296 180 3307 ’
222 3320 246 3369 ι.
266 3308 305 3369 ro:
337 3308 374 3373 re,
390 3310 559 3380 nro-„nx
571 3316 650 3366 curra
663 3312 1046 3365 discursu-seeundum
1060 3317 1209 3377 appare.
1241 3304 1280 3377 24)
1298 3282 1406 3363 saulo!

222 3408 289 3461 roll.
308 3408 385 3460 Suet.
403 3402 616 3461 caularum.
637 3401 949 3470 lt.1²1rilipp.11,8.lt.
980 3403 1017 3466 ²5)
1035 3407 1094 3459 sal.
1112 3406 1257 3472 Dioxhpp.
1289 3400 1326 3461 ω)
1342 3403 1405 3453 Dio.

148 3574 153 3587 ι
171 3544 175 3553 ,
220 3494 259 3567 ²⁷)
277 3499 336 3555 sn.
349 3497 491 3555 crorum.
504 3498 544 3550 ro.
562 3494 631 3566 app.
665 3494 704 3567 ²⁸)
721 3498 892 3589 euripum,
910 3496 935 3551 5.
948 3498 986 3583 ιι
1001 3496 1127 3587 menn,
1139 3494 1180 3583 cr.
1214 3491 1249 3551 π)
1266 3494 1320 3546 mo
1335 3493 1406 3543 niue.

223 3586 293 3641 cm.
309 3593 334 3640 7.
876 3591 879 3595 “

900 3674 904 3683 “
1001 3681 1005 3688 ι
1081 3677 1107 3686 ,ι
1189 3679 1219 3751 4=
