3309 4567
618 291 940 375 ..fl-'⁴

96 503 259 564 auctorem
281 499 471 585 cogitasse,
505 503 602 562 extra
622 498 751 565 dubium
772 504 835 564 est.
877 500 925 563 Aa
956 498 1114 583 quomodo
1146 499 1219 563 fieri
1249 500 1373 585 potnit,
1445 468 1454 483 ’

95 622 131 679 ut
159 616 280 680 nullum
308 616 406 680 istius
432 615 544 700 operis
571 616 606 679 in
627 617 820 701 antiquitate
842 615 1024 701 vestigium
1051 619 1257 701 occurreret,
1289 613 1374 700 quod

95 749 176 795 sane
197 730 310 816 pertici
331 729 443 796 debuit
462 730 622 796 inculcata
644 731 678 795 in
700 732 873 817 epistolem
892 719 1112 796 testimonio‘t
1152 728 1286 794 Etenim
1309 729 1374 795 ial-

94 848 214 911 sarium
234 865 312 913 cura
332 846 438 931 nulla,
469 846 655 931 nullumque
676 848 855 931 periculum
875 843 1050 933 prohibere
1072 848 1221 931 poterat,
1249 847 1375 928 quomi-

93 969 155 1027 nus
177 962 342 1047 inceptum
363 965 609 1046 exsequeretur.
662 960 787 1027 Contra
808 962 884 1049 quid
904 963 1020 1045 luerit,
1053 960 1139 1047 qaod
1168 956 1286 1026 (licere
1314 980 1374 1025 suo

95 1077 231 1142 consilio
260 1095 380 1164 corpus
410 1078 593 1143 orationum
620 1078 838 1143 consularium
858 1077 1021 1143 condendi
1041 1096 1108 1143 nou
1128 1078 1213 1143 satis
1239 1075 1375 1160 iecerit,

93 1191 180 1257 haud
201 1192 332 1259 difficile
354 1198 407 1258 est
422 1192 583 1278 judicare.
625 1194 712 1259 Nam
736 1212 807 1279 quae
829 1213 907 1259 mox
927 1198 1044 1259 secuta
1064 1197 1142 1259 sunt
1161 1197 1311 1279 tempora
1335 1188 1375 1274 ⁶),

93 1313 121 1375 si
148 1330 213 1377 non
240 1310 452 1375 deterrebant
480 1311 662 1391 consulem,
695 1312 865 1395 quominus
894 1309 927 1374 id
956 1309 1161 1396 susciperet,
1190 1314 1302 1375 tamen
1333 1308 1376 1371 ab

93 1424 251 1508 ejusmodi
273 1424 374 1510 opera
394 1424 612 1510 distinebant3
644 1429 762 1507 postea
790 1440 889 1504 vero,
922 1442 1017 1507 quom
1043 1428 1078 1489 iu
1099 1426 1278 1488 Antonium
1299 1437 1377 1487 ora-

92 1544 206 1623 verat,
237 1540 336 1605 multo
364 1540 468 1604 satius
498 1540 568 1605 voti
595 1538 767 1602 damnatus
793 1536 864 1601 suit.
907 1535 1098 1621 Quanquam
1124 1556 1169 1602 ex
1199 1536 1270 1619 his,
1301 1524 1374 1621 que

92 1655 181 1733 dixi,
203 1674 270 1721 non
291 1657 444 1741 sequitur·
467 1654 500 1719 id
530 1653 614 1739 quod
635 1650 872 1719 AURELIUS
896 1658 1097 1738 postremum
1123 1653 1248 1744 adjecit
1267 1670 1376 1739 argu*

92 1776 254 1837 mentum:
275 1772 394 1837 multas
415 1772 543 1836 scilicet
566 1775 600 1835 et
620 1784 749 1853 graves
763 1772 834 1854 jum
856 1775 922 1835 tum
942 1786 1063 1836 causas
1084 1769 1239 1836 Ciceroni
1259 1769 1374 1851 tuisse,

92 1907 150 1952 cur
178 1888 220 1953 ab
249 1889 323 1954 aliis
349 1888 384 1953 in
406 1886 617 1953 Catilinarios
644 1886 847 1952 orationibus
868 1885 1074 1952 elaborandis
1105 1890 1204 1971 atquc
1236 1884 1375 1950 edendis

93 2006 220 2069 omnino
243 2003 436 2069 abstineret.
477 2004 566 2070 Nam
586 2003 620 2067 in
642 2001 758 2068 cadem
772 2003 932 2089 epistola,
950 2003 985 2067 in
1010 2018 1074 2088 qua
1088 2001 1281 2067 consulares
1298 2018 1375 2067 ora·
1461 2047 1465 2055 ι

92 2121 200 2184 tiones
231 2124 421 2202 enumerat,
452 2120 560 2184 facete
591 2117 737 2205 quaedam
768 2124 805 2183 et
829 2118 1017 2207 petulanter
1044 2118 1079 2181 in
1106 2115 1255 2183 Clodium
1285 2116 1372 2180 dicta

90 2251 213 2323 magna
235 2252 307 2301 cum
328 2252 388 2299 sue
411 2235 579 2321 voluptate
600 2234 711 2300 refert.
754 2234 838 2300 'lum
851 2236 956 2321 igitur
969 2233 1126 2301 videlicet
1138 2234 1297 2300 invidiam
1310 2248 1376 2298 ex-

91 2352 194 2415 citare
220 2353 256 2414 et
275 2366 402 2438 augere
430 2349 548 2417 Cicero
577 2351 772 2432 verebatur,
800 2370 898 2437 quum
916 2351 1014 2438 paulo
1035 2358 1115 2416 ante
1137 2351 1221 2415 satis
1240 2366 1372 2434 aspere,

90 2471 127 2533 ut
147 2465 323 2532 AURELI
341 2466 454 2532 verbis
475 2471 565 2553 utar,
596 2468 749 2531 invectus
769 2468 804 2531 in
823 2454 961 2533 necatos
982 2472 1018 2533 et
1032 2466 1279 2552 conjurationis
1292 2454 1375 2529 reli-

91 2583 185 2665 quias
206 2586 318 2668 esset,
338 2587 441 2669 atque
459 2584 558 2652 etiam
585 2586 622 2648 in—
641 2579 771 2650 Senatu
789 2563 951 2649 hominem
971 2582 1227 2650 inimicissimam
1244 2580 1373 2665 publice

91 2697 231 2764 ludibrio
249 2697 396 2764 haberet.

171 2814 248 2878 Jam
279 2833 362 2881 vcro
391 2814 444 2881 uis
465 2800 613 2883 omnibus
634 2814 802 2882 doctorum
822 2814 1096 2903 disputationibus
1117 2797 1258 2897 magnus
1279 2828 1374 2877 error

90 2927 215 2991 subest.
257 2930 347 2995 Nam
368 2928 634 3000 Catilinariarunr
663 2946 744 3017 quas
773 2936 897 2996 vocant
927 2929 1014 3014 apud
1043 2925 1195 3013 antiquos
1224 2925 1372 3015 proiecto

90 3042 179 3109 nulla
203 3048 276 3107 crat
305 3048 430 3111 notitia.
473 3048 593 3134 Neque
626 3050 713 3113 enim
743 3038 863 3129 Cicero
887 3045 910 3109 l.
931 3042 985 3112 cit.
1007 3049 1130 3130 practer
1161 3058 1277 3130 unam,
1309 3049 1373 3128 qua

91 3158 268 3227 Catilinam
290 3161 453 3246 emiserit,
474 3162 532 3227 vel
553 3165 583 3227 si
599 3164 707 3227 mavis
728 3162 866 3249 alteram
887 3178 1032 3249 quoque,
1053 3161 1137 3229 alias
1157 3144 1205 3228 in¹
1218 3158 1372 3225 Catili

90 3295 181 3342 nam
202 3273 371 3361 inscripsit
393 3277 577 3363 orationes,
595 3274 683 3363 quod
701 3281 795 3344 certe
809 3272 1092 3378 salsarumauctcr
1103 3297 1173 3357 non
1191 3277 1374 3372 omisissem

121 3582 148 3640 Ι)
172 3546 258 3630 Data·
276 3538 585 3627 enimadA'tt.1iberaa
602 3574 636 3625 ml
653 3584 751 3627 aunum
769 3570 895 3628 ueterum
910 3570 976 3640 tal,
1002 3541 1055 3645 qui·
1071 3572 1148 3621 ante·
1160 3566 1371 3627 eriliumcic'e,

171 3668 251 3719 nonu
268 3668 366 3717 teratu·
383 3668 435 3721 cn.

1148 3740 1173 3812 ,3
