3309 4567
751 254 995 328 ..26-

233 454 383 525 mendum
403 449 653 533 decreverat).
695 444 767 514 Sed
787 447 931 530 Caesar,
962 451 1097 532 praetor
1115 449 1249 512 creatus
1265 447 1328 533 ³¹),
1360 447 1515 516 Ciceroni

233 571 352 636 dudum
372 571 544 654 suspectus
560 565 604 649 ³²)
630 569 770 652 rogatus
791 567 1009 647 sententiam,
1030 565 1178 650 ampliori
1198 583 1279 631 usus
1301 567 1451 632 or'atione
1468 568 1511 650 ³³)

234 689 379 758 censuit:
413 681 628 771 publicandas
648 699 760 749 eorum
780 684 956 770 pecunias,
987 684 1080 778 ipsos
1106 683 1141 747 in
1169 683 1311 748 vinculis
1345 682 1513 751 habendos

232 805 296 890 per
312 801 486 888 municipia
507 803 562 885 44),
584 818 651 866 neu
670 802 743 886 quis
770 799 813 864 de
833 801 934 866 venia
955 801 1005 864 eis
1032 799 1141 864 danda
1160 804 1280 885 postea
1299 801 1342 866 ad
1362 806 1512 868 senatum

232 920 390 1006 referret,
410 936 499 986 neue
520 935 591 984 curn
611 919 731 1005 populo
752 922 874 1006 ageret
893 919 947 999 44).
989 916 1044 981 Ad
1065 915 1147 982 haec
1168 936 1264 1001 quum
1284 919 1390 984 ceteri
1407 918 1512 984 verbo

230 1036 315 1104 alius
330 1037 385 1100 alii
399 1033 644 1100 adsentirentur
661 1031 723 1116 44),
743 1035 868 1118 primus
882 1032 954 1097 Tib.
969 1032 1063 1098 Nero
1079 1033 1142 1115 ³⁷),
1165 1029 1313 1098 Caesare
1335 1033 1514 1101 honoribus

230 1154 367 1219 inferior
384 1149 449 1236 ³⁸),
475 1170 518 1216 ne
539 1151 623 1217 dixit
643 1149 771 1236 quidem
792 1149 835 1214 de
855 1168 951 1235 pona
970 1152 1185 1236 sententiam,
1206 1152 1268 1218 sed
1289 1167 1420 1216 causam
1433 1169 1514 1235 pro-

232 1269 398 1333 latandam
423 1267 468 1350 ³⁹)
490 1269 633 1351 censuit,
663 1266 738 1331 dnm
762 1268 904 1334 Catilina
924 1267 1154 1336 debellaretur.
1198 1269 1291 1335 Tunc
1311 1268 1429 1333 Cicero
1454 1270 1513 1349 44),

232 1390 382 1450 metuens
402 1385 531 1448 noctem
551 1383 725 1448 instantem
743 1385 807 1470 44),
838 1402 881 1449 ne
912 1361 1036 1452 conscii
1061 1385 1319 1471 conjurationis,
1353 1385 1416 1450 sibi
1446 1401 1514 1447 nou

231 1485 337 1570 minus
357 1501 510 1566 timentes
532 1483 627 1584 duam
647 1502 730 1586 reia,
745 1503 866 1579 turbas
887 1508 1078 1586 moverent,
1106 1524 1169 1589 quo
1193 1503 1360 1570 decretum
1381 1499 1513 1566 accele-

231 1623 322 1686 raret
339 1620 401 1702 ⁴²),
423 1619 551 1684 exstitit
571 1621 668 1702 atque
689 1621 926 1703 praetermissa
946 1619 1131 1703 prolatione
1146 1623 1204 1699 4),
1231 1624 1403 1698 utrumque
1423 1614 1515 1680 illum

231 1732 391 1816 laudans,
423 1733 519 1822 alteri
540 1735 647 1818 magis
668 1735 856 1798 assentiens
878 1734 935 1818 44),
956 1738 1092 1798 ceteros.
1107 1733 1301 1799 cohortatus.
1317 1736 1391 1811 est,
1421 1729 1514 1816 judi-

232 1851 321 1938 cavit
337 1851 405 1941 ⁴5),
439 1870 504 1939 non
535 1849 644 1914 multis
675 1844 841 1935 persuasit
859 1847 915 1932 44).
957 1849 1044 1914 Nam
1071 1849 1206 1930 iterum,
1243 1854 1279 1913 ut
1308 1846 1439 1914 videtur
1456 1848 1514 1928 ⁴⁷),

231 1951 378 2054 rogavit.
415 1964 554 2038 Silanus
571 1970 696 2032 mutata
716 1969 882 2034 sententia
896 1964 942 2049 44)
964 1967 1126 2034 mitiorem
1143 1966 1290 2055 derit),
1310 1966 1457 2032 Neronis
1478 1967 1513 2030 in

212 2102 214 2108 ’
232 2085 430 2158 sententiam
439 2085 557 2154 iturum
564 2100 603 2148 se
612 2083 761 2170 confiteri
776 2085 840 2168 5<³):
855 2059 993 2150 Catulus
1005 2081 1242 2150 unus.0aesari
1252 2084 1443 2171 obstrepere
1457 2083 1521 2165 5¹),

232 2199 335 2264 ceteri
354 2203 398 2284 5²)
421 2205 456 2270 et
477 2200 516 2281 Q.
540 2200 656 2268 Cicero
676 2204 719 2283 44)
741 2177 783 2266 de
805 2202 950 2283 Consule
971 2207 1006 2269 et
1025 2206 1098 2301 suis
1113 2207 1298 2270 metuentes
1316 2204 1360 2286 ς4)
1374 2201 1511 2283 ,mitio-

232 2332 301 2380 rem
323 2312 479 2398 Caesaris
500 2318 697 2385 sententiam
718 2319 885 2404 amplecti:
917 2321 1065 2408 plerique
1087 2322 1171 2387 alius
1192 2322 1291 2387 alium
1310 2322 1511 2405 exspectan-

265 2539 301 2602 44)
319 2544 377 2597 Sal.
392 2545 446 2596 cet.
482 2539 516 2602 ³¹)
534 2545 612 2597 Suet.
628 2546 699 2600 Plut.
717 2545 774 2597 cic.
786 2549 829 2602 al.
846 2533 925 2614 „iag-
936 2552 1051 2617 πρώτας
1067 2546 1149 2612 ἔχων.
1157 2551 1208 2616 τῆς
1225 2545 1375 2615 αὐξήσεως
1390 2543 1512 2616 ἅρχάς.’·’

331 2631 368 2692 ³²)
384 2633 455 2683 rint.
473 2635 510 2684 ro.
526 2638 597 2698 app.
614 2635 663 2686 ux
680 2633 819 2688 obnitente
835 2639 893 2690 sar.
927 2635 963 2697 44)
980 2639 1037 2688 sar.
1059 2636 1116 2689 cro.
1141 2640 1217 2688 suet.
1240 2640 1311 2689 rrut.
1346 2629 1385 2705 44)
1401 2639 1439 2690 ro.
1458 2638 1511 2686 om

329 2723 402 2781 Veli.
422 2725 494 2787 App.
511 2725 563 2776 Hic
579 2737 664 2793 vero,
692 2729 739 2788 qui
755 2729 875 2779 Neronia
893 2731 922 2777 et
939 2727 1059 2779 casaris
1075 2730 1225 2779 sententias
1243 2729 1398 2793 confundit,
1427 2740 1513 2790 prave

331 2815 419 2878 addit,
431 2818 462 2865 ut
474 2815 611 2867 debellato
625 2815 744 2868 Catilina
753 2819 783 2867 in
791 2813 927 2880 judicium
937 2820 1148 2868 adducerentur.
1180 2813 1217 2883 ³⁵)
1235 2819 1294 2872 Sal.
1311 2819 1373 2868 Dio.
1407 2815 1442 2877 44)
1455 2820 1513 2868 Sal.

331 2916 356 2956 c.
375 2905 417 2958 52.
433 2905 508 2960 Plut.
519 2908 588 2970 App.
622 2902 661 2974 ³⁷)
679 2908 735 2958 Sal.
749 2910 821 2970 App.
841 2911 930 2973 errat,
947 2910 1086 2959 Neronem
1102 2911 1165 2959 ante
1178 2907 1314 2960 cesarem
1329 2922 1443 2975 ponens,
1462 2911 1513 2960 ot-

330 2995 479 3044 nitentibus
496 2997 585 3048 Dione
601 3000 628 3060 et
643 3001 717 3054 Plut.
732 2999 802 3052 (ἷκε.
820 3004 847 3054 t.
865 3013 953 3063 neque
965 3001 1022 3051 Sal.
1039 3002 1226 3061 consentiente
1241 3004 1315 3062 c.50.
1351 2997 1387 3060 ³⁸)
1402 2982 1512 3072 plenum

329 3084 395 3152 post
405 3087 612 3144 pretoriactus.
623 3069 776 3144 vid.AHR.''
803 3085 840 3158 ³⁹)
859 3091 1001 3155 Sahdpp.
1035 3083 1072 3150 44)
1088 3093 1244 3155 PlutApp.
1273 3072 1395 3159 4¹)App.
1422 3083 1459 3151 44)
1475 3093 1511 3141 ib.

330 3164 368 3233 44)
385 3176 449 3226 Non
472 3179 543 3226 enim
571 3180 603 3228 ut
628 3183 741 3232 nostros
766 3182 916 3234 consulem
943 3185 975 3236 P.
998 3185 1032 3236 R.
1055 3184 1243 3248 obstringebat
1264 3186 1401 3241 sententia
1418 3183 1513 3252 (quarn

244 3314 248 3325 ,
330 3267 432 3316 vocant
449 3263 724 3330 ermungsmoaon).
758 3262 796 3330 44)
812 3274 884 3325 alut.
918 3264 955 3334 4⁵)
974 3272 1031 3325 cro.
1048 3272 1426 3340 auatt.x11,21.'[mrrs.
1443 3271 1511 3340 aa.

331 3353 441 3404 auorum
459 3355 527 3414 aa.
560 3343 596 3413 44)
616 3357 689 3412 rouo.
708 3359 774 3410 0011.
790 3362 847 3411 sar.
878 3353 918 3428 4)
935 3366 971 3414 aa
986 3367 1044 3418 aot.
1062 3369 1121 3432 xn,
1137 3368 1179 3418 21.
1200 3367 1345 3418 maforte
1366 3362 1472 3418 turoam
1484 3369 1514 3414 n

331 3447 429 3495 senatu
448 3446 477 3494 et
500 3445 644 3496 tumultum
666 3441 769 3502 facturn
785 3453 901 3519 satura,
925 3457 956 3504 ut
977 3457 1080 3520 singuli
1102 3459 1220 3522 singulis
1245 3458 1443 3518 obstreperent·
1475 3445 1513 3514 ¹¹⁸)

332 3533 405 3588 aruo.
431 3534 489 3586 cre.
505 3537 548 3590 21.
578 3535 637 3588 cat
653 3535 695 3590 22.
727 3527 763 3597 4)
780 3541 858 3596 suet.
883 3541 953 3595 cas.
987 3544 1022 3604 44)
1045 3547 1102 3597 sar.
1136 3546 1169 3605 ⁵¹)
1185 3547 1256 3598 aaut.
1291 3544 1327 3606 ⁶²)
1345 3544 1512 3612 sannen.

332 3622 395 3680 Dio.
412 3625 483 3676 Plut
500 3628 571 3690 App.
606 3623 642 3686 ⁵³)
658 3628 734 3685 Suet.
770 3618 805 3688 44)
821 3630 893 3682 Plut.
