3309 4567
699 460 863 579 A...

160 648 205 719 ad
219 646 315 719 ‘snam
327 665 404 719 ‘rem
422 650 708 743 accommodaret,
725 655 912 739 neutiquam
937 644 1116 740 utero·(qui
1139 669 1232 717 error
1252 657 1305 726 eat
1323 652 1403 724 Aha

159 762 261 824 rensii
282 781 313 846 p.
337 756 424 828 109.
448 756 557 843 iia]
579 758 703 829 Caesari
724 758 897 846 quidquam
916 757 1142 843 persuaderet.
1171 754 1296 833 Contra
1313 758 1402 843 Pom

160 868 243 932 tiam
263 860 384 955 legem,
410 886 481 953 quae
502 866 545 934 ad
565 868 717 954 supplicii
738 866 849 932 modos
870 869 967 951 atque
987 870 1111 953 genera
1130 866 1319 949 perimeret,
1339 883 1402 929 ne·
1534 857 1537 862 ’

160 990 222 1057 que
243 975 278 1036 in
304 976 409 1058 prima
430 977 576 1039 oratione
604 978 799 1062 nominauit,
827 991 932 1058 neque
952 975 1030 1038 tunc
1050 970 1180 1059 habuit,
1206 968 1292 1059 quod
1311 990 1403 1053 coru·⁴

158 1083 366 1167 memoraret,
382 1098 478 1163 quum
498 1083 570 1166 ipse
589 1086 746 1170 neutram,
768 1098 840 1165 quae
861 1080 989 1164 prolata
1009 1084 1112 1168 esset,
1134 1081 1327 1144 senteutiam
1346 1083 1401 1143 to-

159 1188 214 1249 tus
235 1183 399 1250 suaderet.
854 1258 872 1277 κ
1082 1265 1085 1270 ι

265 1289 341 1355 Jam
360 1308 440 1354 vero
461 1292 655 1379 exemplum,
684 1287 769 1375 quod
790 1287 860 1357 Cic·
882 1289 995 1378 affert,
1022 1294 1131 1355 virum
1151 1290 1278 1357 doctum
1298 1288 1402 1367 aileu-2

159 1394 226 1461 dit:
255 1413 360 1479 neque
381 1398 549 1463 immerito.
595 1395 736 1461 'l'ametsi
763 1412 882 1463 seusus
909 1399 1050 1463 oratoris
1078 1398 1183 1462 latere
1201 1415 1266 1462 non
1285 1399 1402 1485 potest,

159 1485 191 1565 si
213 1500 341 1586 quidem
367 1504 472 1569 uoluit
495 1501 682 1591 ostendere,
707 1506 803 1569 etiam
825 1499 862 1569 C.
883 1499 1067 1569 Gracchum
1088 1500 1182 1588 justa
1201 1506 1404 1580 rationein·

158 1613 326 1676 teremtum
347 1626 430 1677 esse.
471 1609 584 1695 Neque
607 1604 796 1677 Steinmetu
816 1608 860 1676 ad
880 1608 913 1674 h.
935 1611 966 1696 i,
986 1612 1017 1674 si
1038 1608 1162 1693 aliquid
1183 1610 1286 1698 dixit,
1307 1611 1404 1685 ahter

157 1718 279 1802 sensit3
306 1713 460 1781 observat
485 1720 585 1805 enim,
610 1731 648 1781 re
676 1734 758 1783 vera
778 1712 814 1783 C.
836 1712 1020 1783 Gracchum
1046 1734 1152 1801 neque
1174 1713 1272 1801 jussu
1292 1734 1405 1801 ¹neque

157 1823 285 1910 injussu
311 1822 421 1909 populi
443 1823 585 1887 occisum
608 1821 723 1889 finisse.
765 1816 839 1888 ¹Sed
861 1822 944 1888 male
972 1822 1140 1910 uolgatam
1169 1840 1243 1889 cum
1271 1819 1404 1887 Murato
1526 1885 1530 1889 ,

158 1926 321 2014 defendit,
343 1930 398 2012 qui
420 1921 607 1993 Ciceronem
621 1937 737 1993 ‘causa
757 1929 887 1995 servire
907 1930 1081 1995 existimat.
1122 1930 1238 2013 Itaque
1256 1950 1321 1995 nou
1347 1948 1404 2009 req

160 2026 249 2099 ‘etius
277 2036 307 2097 is
328 2030 678 2121 quidemllrnestium,
707 2032 791 2118 quod
812 2019 1070 2123 „injnsan“.legi
1092 2033 1240 2123 jusserit,
1261 2035 1303 2101 de
1314 2035 1405 2106 iacto

156 2134 384 2226 reprehendit,
417 2156 516 2223 qnam
543 2138 585 2203 de
612 2142 736 2206 mutata
766 2142 929 2206 sententia
964 2139 1165 2208 'Ahrensiua
1220 2142 1304 2209 Nam
1329 2142 1402 2233 hoc,

159 2244 245 2330 quod
266 2247 424 2332 scriptum
450 2246 527 2311 libri
549 2264 658 2311 omnes
679 2244 851 2334 exhibent,
882 2262 987 2329 neque
1007 2248 1137 2335 cormul,
1164 2246 1403 2332 neque-rhetor

158 2342 326 2436 quisquam
355 2350 466 2418 dicere
493 2353 559 2419 ullo
587 2352 680 2419 modo
707 2355 821 2439 potuit.
874 2350 973 2417 Ratio
999 2355 1085 2417 enim
1111 2356 1403 2442 argumentationis

155 2475 279 2543 anceps
300 2461 367 2524 est:
394 2464 431 2526 ut
456 2459 573 2546 probet
595 2462 722 2543 orator,
753 2452 975 2545 Semproniam
1000 2460 1105 2549 legem
1129 2477 1237 2544 neque
1262 2440 1430 2547 civibuss

158 2565 213 2647 qui
234 2567 314 2650 reip.
336 2563 449 2632 hostes
471 2568 692 2654 exstitissent,
711 2583 808 2651 posse
829 2562 982 2652 prasidio
999 2583 1087 2652 esse,
1108 2582 1212 2649 neque
1232 2560 1404 2640 &modom
1528 2636 1534 2643 ,

158 2684 199 2735 ac
218 2664 374 2739 Senatum
399 2676 435 2739 in
461 2692 584 2741 summo
608 2674 691 2759 reip.
719 2672 906 2738 discrimine
928 2690 973 2737 ea
992 2674 1106 2736 teneri.
1158 2670 1338 2757 Utrumque
1358 2672 1404 2737 lia

158 2781 297 2861 queteb
320 2786 460 2869 oratore,
480 2784 537 2867 qul
558 2799 667 2848 causae
688 2781 840 2866 serviret,
862 2777 1015 2843 debuisse
1035 2779 1168 2865 negari;
1189 2780 1320 2843 tertium
1339 2796 1403 2844 ve-

156 2902 196 2946 ro
219 2903 284 2948 non
311 2889 371 2951 est.
422 2884 486 2950 Est
511 2888 616 2973 igitur
641 2885 801 2970 oppositio
829 2880 991 2968 quaedam,
1007 2899 1081 2947 nec
1107 2885 1201 2967 quasi
1229 2886 1403 2952 cumulatio

104 2980 106 2987 ’
157 2995 429 3077 argumentorum.
472 2990 592 3078 Quare,
613 2988 692 3075 quid
712 3008 778 3053 vox
798 2985 968 3070 denique
989 2983 1045 3053 hic
1064 2986 1128 3054 sibi
1150 2990 1240 3078 velit,
1260 3010 1325 3065 non
1345 2993 1403 3058 viu·

154 3092 235 3177 de03
267 3113 381 3159 verum
401 3095 497 3180 plane
522 3094 677 3181 procedet
707 3094 960 3183 argumentatio,
994 3094 1024 3157 si
1045 3112 1158 3161 vocem
1182 3116 1313 3183 neque
1340 3117 1401 3183 pro

50 3216 54 3224 ·
155 3201 215 3267 illa
234 3200 460 3267 substitueris:
494 3221 589 3288 quam
610 3200 846 3288 conjecturam,
874 3219 971 3284 quum
991 3198 1090 3265 lectio
1109 3202 1246 3291 vulgata
1264 3208 1402 3289 propter

157 3305 345 3393 praecedens
372 3307 564 3377 vocabulmn
588 3315 734 3397 autem,
760 3310 994 3373 sententiarum
1013 3324 1118 3376 nexus
1138 3312 1281 3397 mannia,
1302 3307 1400 3374 tacite

153 3412 303 3478 librariis
326 3430 348 3477 e
376 3432 458 3481 vera
483 3419 575 3481 nasci
602 3420 730 3505 posset,
769 3416 912 3504 egregie
935 3410 1014 3477 mihi
1043 3412 1264 3501 comprobavit
1289 3408 1400 3479 Schol.

158 3518 398 3611 Gronovianus,
412 3526 468 3608 qui
481 3527 573 3589 notat
584 3516 618 3603 S.
636 3520 696 3589 10.
709 3522 751 3589 ad
763 3543 876 3591 vocem
895 3524 1083 3592 latorem:
1106 3519 1196 3608 „vult
1217 3516 1399 3606 ostendere,

157 3644 262 3691 more
287 3646 348 3692 mm
379 3621 591 3711 (majorum
619 3623 742 3711 Gron.)
767 3632 894 3697 licere
921 3614 1087 3697 occidi“.
1140 3628 1283 3710 Quocum
1305 3631 1400 3701 fecit

158 3726 325 3798 Salustius
346 3738 524 3823 consentit,
545 3737 565 3802 l.
587 3755 688 3822 supra
708 3735 840 3829 laudato
860 3756 888 3804 c.
908 3731 970 3803 29.
990 3754 1128 3800 morem
1149 3733 1356 3798 Romanum
1378 3751 1399 3796 a

157 3836 266 3926 populi
282 3836 382 3923 jussu
408 3840 608 3914 hommem.
663 3841 802 3913 vitetur
823 3848 928 3936 igitur
946 3836 1055 3912 Schol.
1078 3841 1182 3911 locum
1206 3841 1303 3909 talem
1322 3844 1398 3907 ante
