3309 4567
802 278 1044 357 -18-

287 479 603 567 neque-Asconius,
635 478 689 563 qui
715 478 852 564 primam
880 479 992 543 laudat
1019 476 1061 542 ad
1081 476 1269 557 Pisoniana
1290 495 1318 542 c.
1339 481 1377 559 a,
1397 480 1427 563 3.
1450 476 1566 564 plures

239 636 241 641 -
286 594 432 680 ejusdem
453 595 775 683 nominisnnoveratq
808 612 871 659 nec
891 593 1149 676 Quinctilianns,
1171 594 1291 676 quiex
1312 593 1459 659 omnibus
1480 614 1567 678 qua-

284 718 361 779 tuor
375 711 580 779 orationibus
603 728 694 796 saepe
713 710 818 775 verba
831 708 952 790 refert,
973 710 1088 795 plures
1100 725 1166 771 una
1182 709 1225 772 in
1246 706 1470 789 Catilinam
1490 732 1567 797 quae

283 830 387 915 prima
408 832 462 893 est
490 823 597 915 [lost.
610 826 707 911 xil,
729 829 787 911 10,
807 821 885 916 60.)
915 844 955 891 eo
985 825 1115 890 nomine
1143 824 1320 909 inscriptas
1349 825 1481 892 indicat.
1523 828 1568 891 In

285 962 348 1029 qna
378 962 415 1009 re
437 938 709 1019 AHRENSIUS
731 942 947 1007 vehementer
967 944 1057 1005 errat
1083 957 1163 1027 pag.
1184 944 1236 1008 96,
1257 962 1328 1027 sqq.
1355 945 1473 1028 'Atqui
1504 962 1569 1008 co-

283 1060 375 1127 dices
394 1057 627 1141 vetustissimi‚
657 1056 725 1119 illis
746 1055 933 1121 auctoribus
953 1054 1055 1140 longe
1075 1054 1267 1141 inferiores,
1297 1063 1374 1143 post
1394 1061 1568 1146 interpre-

282 1180 361 1241 tem·
381 1173 675 1261 gronoviannmq
708 1171 803 1256 primi
832 1190 952 1254 corpus
984 1168 1246 1237 Catilinariarum
1276 1173 1436 1257 quoddam
1469 1177 1568 1241 nobis

284 1289 456 1372 obferunt,
486 1287 570 1373 quod
593 1286 782 1367 „Ciceronis
802 1287 854 1351 lv
873 1288 1113 1353 invectivarum
1138 1285 1214 1353 libri
1232 1288 1267 1352 in
1289 1287 1486 1354 Catilinam‘
1509 1296 1568 1357 in-

283 1404 435 1473 scribitur
460 1399 498 1485 8).
519 1443 521 1459 ι
541 1402 657 1489 Itaque
679 1400 750 1467 haec
772 1408 825 1467 est
846 1406 983 1469 serioris
1004 1405 1070 1467 aevi
1091 1404 1262 1489 collectio,
1283 1407 1362 1469 nata
1383 1422 1428 1469 ex
1443 1424 1483 1471 eo
1499 1429 1568 1492 quo

275 1517 493 1586 ‘Grammatici
514 1539 604 1585 more
627 1518 778 1585 solebant
800 1522 967 1586 orationes
987 1522 1070 1586 istas
1091 1521 1193 1585 citare
1220 1522 1264 1603 9),
1296 1525 1395 1605 atque
1416 1521 1477 1587 hoc
1500 1546 1568 1590 no-

281 1638 368 1703 mine
388 1637 564 1723 insignita,
595 1634 681 1721 quod
702 1636 827 1721 antiqui
848 1636 896 1699 illi
916 1635 1068 1701 rhetores
1090 1654 1132 1699 ne
1153 1634 1252 1701 lando
1273 1635 1401 1721 quidem
1422 1639 1567 1705 audive-

281 1754 366 1825 rant.
408 1750 508 1813 Verae
530 1755 636 1813 autem
652 1749 822 1815 Ciceronis
844 1754 1029 1833 orationes,
1047 1752 1122 1816 sive
1142 1769 1228 1815 nnnc
1249 1751 1384 1817 ellstant
1404 1755 1477 1819 sive
1500 1774 1569 1840 pe-

280 1867 428 1951 rierunt,
454 1883 556 1950 quum
585 1882 628 1929 ne
659 1864 924 1951 essentqnidem
945 1884 1059 1931 omnes
1079 1868 1113 1930 in
1136 1864 1310 1933 Catilinam
1330 1867 1470 1951 habitae,
1501 1892 1567 1936 sua

281 2000 417 2067 quaeque
435 1981 502 2047 iat-a
523 1985 646 2046 secutae
667 1981 791 2066 absque
811 1984 970 2048 communi
985 1982 1078 2047 titulo
1100 1984 1211 2067 priora
1230 1983 1352 2048 saecula
1365 1986 1566 2069 pervasisse

280 2097 444 2163 videntur.
488 2096 559 2179 Quo
588 2099 710 2185 magis·
726 2097 888 2168 credibile,
902 2103 973 2184 est,
1004 2100 1060 2163 illa
1087 2103 1185 2164 aetate
1214 2098 1254 2163 ab
1282 2099 1334 2165 his
1361 2102 1566 2168 orationibus

261 2213 546 2300 ‹conglutinandis
577 2232 673 2279 omne
702 2215 871 2282 consilinm
898 2216 1001 2301 longe
1032 2213 1189 2281 abfuisse.
1240 2214 1364 2297 Quodsi
1391 2216 1565 2283 consilium

279 2348 347 2414 non
368 2329 514 2412 exstitit,
535 2344 804 2413 causaqnoque,
823 2347 897 2414 quae
918 2334 1068 2396 moveret
1089 2331 1270 2415 quempiam
1291 2332 1333 2395 ad
1354 2333 1563 2418 interpolan-

279 2446 361 2519 ‹lom
375 2442 569 2529 epistolam,
589 2442 680 2508 nulla
696 2442 766 2507 fnit.

283 2600 288 2613 ·
341 2562 541 2647 Quamquam
562 2562 598 2625 nt
613 2562 711 2643 justa
724 2558 842 2625 videri-
859 2561 967 2645 possit
986 2558 1161 2625 AURELI
1181 2563 1388 2645 conjecturo,
1417 2579 1564 2629 necesse

279 2684 349 2766 est,
378 2654 474 2763 qnam
498 2676 649 2763 proxime
677 2676 763 2741 absit
791 2694 812 2741 a
834 2675 1005 2741 Ciceronis
1027 2679 1126 2741 aetate
1148 2696 1219 2746 cum
1240 2674 1564 2762 epistolaefadulter-

271 2794 365 2880 atio,
395 2797 463 2859 tum
489 2792 661 2882 fabricatio·
680 2794 871 2862 orationum.
913 2792 1063 2858 Alteram
1096 2793 1186 2876 enim*
1209 2792 1263 2874 ab,
1282 2792 1389 2857 altera
1417 2792 1563 2858 discerni

313 3034 336 3095 ⁷)
362 3032 469 3089 Ciceri-
487 3036 634 3091 scholiam.
665 3038 706 3087 erl
733 3036 819 3095 orell.
845 3039 873 3085 et
896 3038 964 3086 Bait.
990 3037 1031 3105 ll,
1061 3030 1181 3109 nlla·
1216 3036 1449 3105 argumrvmm
1478 3038 1561 3104 „liic

307 3157 310 3162 -
358 3120 486 3175 liber.“

312 3238 337 3299 8)
362 3238 429 3289 Cod.
442 3240 575 3299 Tegerns.
593 3238 622 3286 et
637 3238 873 3305 salisburgensis,
890 3243 1006 3310 uterque
1022 3252 1087 3295 soec.
1104 3243 1137 3291 x.
1154 3242 1200 3291 vel
1216 3242 1261 3310 XI.v
1295 3243 1385 3306 ‚‚1ste‚
1408 3243 1447 3291 alt
1462 3241 1560 3290 Stein-

356 3332 431 3381 metz
448 3328 526 3390 prat.
544 3340 570 3388 q.
586 3326 639 3389 V.,
664 3330 694 3379 ln
718 3329 854 3379 Tullianis
877 3333 998 3381 omnium
1019 3332 1066 3394 qni
1089 3332 1178 3381 adhuc
1195 3333 1306 3381 excussi
1323 3333 1388 3381 sunt
1404 3330 1487 3382 facile
1504 3344 1559 3392 op-

358 3414 467 3470 timus.“

312 3532 336 3595 ¹)
360 3536 483 3585 Dionae.
501 3535 606 3599 1,,318.
639 3534 863 3600 Priscamxw,
881 3536 954 3593 1023.
990 3537 1055 3590 Vox
1071 3539 1165 3590 autem
1182 3536 1337 3597 Invectlva
1353 3537 1418 3602 ante
1434 3536 1558 3617 Ammia-

360 3636 425 3679 num
440 3626 566 3688 Marcell,
584 3636 719 3693 nusquam
736 3626 868 3680 occurit.
