3309 4567
609 305 869 376 ,4274-

95 500 148 560 tcs
169 495 314 560 cunctari
333 492 386 574 55).
428 489 499 558 Sed
520 512 614 578 quum
634 494 676 559 ad
692 496 842 580 juniores
860 492 903 578 ς6)
925 511 963 560 ac
977 493 1083 580 plebis
1097 496 1262 579 tribunos,
1283 497 1371 578 inter
1431 577 1439 597 x

97 631 176 696 quos
198 609 282 676 cato
299 611 360 694 5⁷),
380 613 577 694 perventum
598 616 707 696 esset,
727 613 759 676 is
779 614 917 698 rogatus
938 628 959 675 a
979 607 1124 677 Consule
1146 612 1187 676 dc
1208 589 1370 679 confessis

97 733 146 796 sic
172 732 209 794 ut
237 727 278 792 de
306 727 488 792 manifestis
519 746 627 794 rerum
658 730 843 815 capitalium
874 746 963 794 more
994 729 1150 812 majorum
1181 728 1373 813 supplicium

97 844 287 912 sumendum
308 844 436 910 censuit
453 837 526 925 66).Ι
551 843 660 928 Atque
680 848 747 909 tam
766 846 867 932 gravi
887 861 949 909 nec
969 844 1137 929 inopinata
1153 844 1197 926 5⁹)
1213 843 1372 928 oratioue,

98 980 160 1045 qua
192 959 335 1026 consulis
347 985 353 997 1
367 959 503 1024 consilia
535 962 568 1023 ct
597 958 801 1045 diligentiam
826 962 860 1024 in
881 961 993 1025 coelum
1014 959 1162 1025 laudibus
1183 957 1300 1024 extulit
1316 956 1372 1042 66),

97 1080 131 1142 in
148 1080 336 1162 conjuratos
358 1080 392 1140 et
412 1076 559 1142 homines
580 1082 819 1162 conjuratorum
840 1080 998 1144 societate
1026 1082 1203 1164 suspectos
1222 1078 1374 1142 invectus

99 1198 152 1258 est
168 1192 233 1275 ⁶¹),
254 1196 290 1256 ut
311 1191 511 1256 Consulares
532 1197 566 1256 et
586 1211 708 1279 magna
728 1213 806 1280 pars
820 1192 965 1260 Senatus
986 1196 1181 1259 sententiam
1201 1191 1384 1258 laudarent.

98 1311 196 1392 atquc
217 1307 271 1372 alii
292 1307 374 1372 alios
393 1309 604 1402 increpantes
624 1310 754 1374 timidos
776 1315 950 1394 vocarent,
969 1309 1107 1394 denique
1123 1309 1240 1376 Senati
1254 1311 1372 1394 decref

100 1432 166 1490 tum
186 1425 300 1508 tieret,
329 1429 364 1487 ut
392 1426 464 1510 ipse
485 1429 660 1490 censuerat
674 1423 731 1507 ⁶²).
775 1426 855 1489 Cum
877 1427 973 1489 etiam
995 1427 1079 1490 bona
1099 1420 1291 1511 publicanda
1312 1423 1377 1484 ad-

95 1543 253 1626 jicerent,
277 1539 402 1603 Caesar
421 1541 559 1626 restitit,
580 1541 714 1623 nolenS,
743 1558 786 1604 ex
807 1559 868 1604 sua
888 1541 1053 1606 sententia
1073 1539 1106 1602 id
1128 1540 1212 1622 quod
1233 1530 1373 1601 durississ

99 1677 185 1723 mum
207 1660 317 1736 esset,
346 1655 487 1720 decerni.
531 1654 660 1720 Ceteris
691 1661 797 1721 autem
829 1657 874 1720 nil
895 1654 1099 1720 audientibus
1118 1653 1181 1737 ⁶³),
1213 1673 1308 1736 quum
1339 1658 1373 1715 et

100 1775 229 1855 equites
250 1770 306 1845 illi¹
318 1770 547 1834 minitarentur
562 1771 623 1855 66),
658 1770 774 1836 Cicera
801 1777 920 1856 sponte
941 1771 982 1840 de
1003 1770 1218 1857 publicatione
1238 1773 1376 1830 senten-

100 1891 179 1954 tiam
209 1885 430 1972 praetermisit
453 1882 513 1967 66).
529 1882 700 1968 ‘oo-risui,
732 1889 767 1948 ut
788 1885 920 1950 decreto
948 1889 1074 1969 staret,
1107 1886 1258 1969 optimum
1286 1880 1375 1944 lactu

100 2008 210 2086 ratus,
231 2003 360 2064 noctem
381 2015 464 2081 quae
485 1999 626 2062 instabat
646 2004 864 2084 antecapere,
898 2019 941 2064 ne
973 1992 1047 2084 quid
1079 2017 1118 2064 eo
1140 2001 1248 2084 spatio
1270 2016 1377 2063 nova-

101 2123 210 2201 retur,
230 2113 455 2195 TriumviroS,
476 2113 770 2196 quaesuppliciurn
790 2113 992 2197 postrdabat,
1013 2129 1131 2196 parare
1145 2111 1243 2195 jubet
1258 2110 1314 2193 66).
1379 2186 1383 2195 ἱ

185 2231 278 2312 Quae
307 2230 380 2291 acta
412 2243 451 2290 eo
482 2225 540 2317 die,
566 2228 600 2290 in
621 2223 747 2292 Senatu
769 2231 873 2310 sunt,
893 2225 1009 2291 Cicero
1030 2224 1210 2312 ddigenter
1230 2227 1377 2310 perscri-

102 2347 211 2414 benda
232 2346 422 2411 curaverat:
443 2339 529 2406 unde
551 2341 687 2404 Catonis
710 2342 813 2406 oratio
830 2340 988 2405 evstabat
1008 2340 1175 2405 Plutarchi
1191 2324 1304 2404 ‘aetate
1323 2339 1380 2422 ⁶⁷).

102 2464 255 2546 Namque
284 2459 409 2526 scribas
439 2475 521 2543 quas
546 2458 618 2543 ipse
639 2458 796 2524 velociori
816 2458 939 2525 cuano
962 2463 996 2522 et
1016 2457 1221 2526 brevissimis
1244 2458 1378 2544 quibus·
1440 2492 1442 2495 ·

105 2582 179 2647 dam
192 2581 290 2668 siglis
300 2585 452 2647 notantes
460 2585 618 2666 noverat,
634 2579 759 2647 Consul
769 2582 893 2668 passim
907 2598 967 2667 per
977 2582 1132 2667 templum
1141 2579 1310 2644 locaverat
1321 2568 1380 2654 ⁶⁸).

105 2700 184 2784 lpse
205 2715 286 2763 vero
307 2703 384 2762 tunc
414 2715 493 2761 ase
520 2695 661 2762 habitam
690 2699 887 2780 orationem,
924 2697 988 2761 etsi
1013 2697 1047 2761 id
1072 2695 1182 2758 facere
1209 2694 1244 2756 in
1275 2693 1383 2758 animo
1427 2706 1432 2714 ·

107 2813 205 2880 fuerit
220 2817 282 2900 ⁶⁹),
316 2819 425 2879 tamen
452 2818 605 2899 quantum
636 2812 731 2880 hodie
760 2814 837 2878 licet
858 2816 1045 2904 conjectura
1066 2809 1241 2891 consequi,
1277 2827 1383 2895 neque

109 2930 308 3013 elaboravit,
329 2946 435 3014 neque
458 2929 613 2996 elimavit.

191 3045 383 3111 scribebam
403 3046 454 3110 his
474 3045 566 3112 feriis
587 3045 777 3112 vernalibus
798 3062 828 3107 a.
849 3039 1174 3109 moccexxxvt.
1277 3131 1282 3138 ,

145 3257 179 3316 ⁵⁵)
191 3255 248 3307 sar.
269 3267 293 3304 ο.
309 3255 351 3307 sa
387 3251 421 3312 ω)
438 3255 500 3307 mv.
518 3257 563 3318 rx,
581 3259 605 3307 a.
630 3254 687 3305 oro.
703 3253 774 3308 rm.
792 3255 828 3318 v,
847 3255 886 3310 rs.
918 3253 956 3323 ¹⁵⁷)
972 3256 1051 3311 rint..
1065 3255 1123 3308 car.
1140 3260 1168 3306 et
1184 3256 1242 3311 cro.
1276 3254 1312 3313 58)
1329 3256 1386 3307 sar.

209 3349 261 3397 cet.
295 3343 736 3410 vacic.xr1,2l.ve11.11,3l.
770 3343 806 3402 ⁶⁰)
822 3346 922 3396 iacet.
956 3341 993 3412 61)
1010 3347 1081 3399 Plut.
1098 3347 1171 3397 Veli.
1204 3341 1243 3411 62)
1260 3344 1385 3397 Sal.cet.

211 3434 247 3496 63)
263 3437 336 3491 Plut.
371 3427 406 3497 64)
424 3440 500 3492 suet.
537 3435 573 3496 σε)
588 3439 660 3492 mut.
704 3437 739 3497 οὔ)
756 3439 813 3489 su.
831 3439 903 3489 mut.
936 3433 972 3506 67)
988 3441 1059 3493 rrut.
1099 3436 1135 3496 to
1150 3437 1186 3486 ru.
1225 3430 1262 3500 a)
1279 3437 1314 3488 ao
1330 3436 1386 3486 Aa

208 3530 243 3593 n,
261 3533 282 3581 1.
305 3527 328 3579 a.
483 3535 485 3540 ¹

514 3681 982 3730 -w
