3309 4567
287 700 353 762 sita
379 698 471 780 sunt,
505 710 599 777 quam
622 708 694 775 qua
722 706 872 755 severam
897 686 1124 756 refutationem
1150 683 1295 773 exigant.
1345 680 1525 748 crateron

286 808 393 867 autem
414 817 543 865 errores
565 817 646 883 quos
666 795 747 861 dicit
769 793 955 882 historicos,
975 810 1111 879 pravam
1132 790 1289 864 orationi·
1309 790 1527 854 inventionem
1647 829 1648 832 =

285 913 320 973 et
345 905 606 992 dispositionem,
646 900 786 985 denique
812 901 973 965 sermonis
1003 896 1240 981 verborumque
1268 892 1528 981 disempmtum
1589 926 1595 939 ·

209 1024 215 1029 “
285 1013 377 1097 Quas
398 1000 670 1098 reprehensiones
700 1024 795 1091 quum
818 1024 911 1071 nemo
935 1002 1042 1070 adhuc
1067 1002 1219 1067 avertere
1240 998 1282 1063 ab
1307 1002 1441 1065 ancmrc
1463 1018 1529 1062 no-
1647 995 1648 1008 ²

287 1124 359 1183 stro
380 1121 516 1183 conatus
537 1118 592 1201 sit,
613 1110 759 1197 equidem
778 1109 868 1174 haud
889 1109 1012 1196 dubito,
1031 1108 1102 1172 fore
1114 1106 1294 1192 nonnulloS,
1314 1102 1527 1190 quibusdiid·

283 1224 347 1293 cile
368 1242 428 1287 nos
449 1221 637 1304 suscepisse
654 1218 823 1303 negotium
849 1219 946 1299 atque
976 1215 1061 1279 omni
1083 1215 1119 1277 in
1131 1210 1207 1288 ghae
1227 1228 1327 1277 causa
1347 1207 1528 1275 detenden-

203 1332 204 1337 ’
286 1318 332 1393 da
353 1332 386 1392 et
407 1324 594 1391 laudatione
616 1329 649 1389 et
670 1321 884 1389 aduocatione
905 1320 1052 1387 destituti
1074 1336 1148 1383 esse
1168 1314 1346 1383 videamur.
1399 1314 1527 1380 Etenim
1648 1319 1649 1348 ¹

285 1429 506 1519 Madvigii,
532 1432 586 1514 qui
609 1432 749 1517 primus,
777 1427 862 1512 quod
882 1430 1001 1519 sciam,
1026 1426 1111 1491 hanc
1132 1443 1200 1489 rem
1219 1423 1347 1510 tetigit,
1373 1422 1530 1508 opuscula

285 1556 391 1622 neque
406 1534 586 1602 admanum
608 1534 717 1623 fuere,
739 1554 844 1619 neque
864 1536 997 1600 moleste
1017 1536 1077 1597 tuli
1098 1554 1162 1599 non
1184 1552 1276 1621 esse,
1297 1548 1392 1613 quum
1414 1524 1530 1593 Orcl-

147 1684 155 1701 1
231 1658 235 1665 ’
282 1646 369 1717 lius
389 1648 516 1731 noster,
540 1647 595 1712 uir
616 1641 862 1731 integerrimus,
896 1639 967 1726 ejus
989 1642 1181 1705 sententiam
1199 1638 1528 1717 hisverbisreicratg

286 1746 506 1837 ⁷,Madvigius
532 1740 663 1833 [opusc.
687 1769 717 1833 p.
742 1741 849 1827 192.)
877 1745 964 1812 hanc'
989 1745 1250 1810 declamationem
1276 1740 1425 1815 Ciceroni
1451 1748 1529 1809 vin-

291 1854 430 1945 „dicans
451 1855 690 1939 sapientissime
720 1850 847 1935 quidem
876 1854 1057 1939 generatim
1077 1855 1173 1937 atque
1201 1853 1355 1918 univerae
1379 1872 1440 1917 nos
1469 1852 1530 1917 de·
1574 1834 1582 1847 ³

283 1960 460 2051 ,hortatur
481 1956 522 2023 dc
543 1960 642 2023 nimia
653 1960 835 2024 temeritate
850 1960 884 2022 in
906 1962 1062 2044 veterum,
1075 1959 1222 2042 inprimis
1244 1953 1532 2045 Ciceronisscrip-

289 2071 359 2157 „tis
380 2068 516 2153 propter
541 2062 670 2131 dicendi
692 2082 799 2154 genus
824 2064 1019 2151 singulaque
1039 2062 1200 2130 interdum
1227 2063 1330 2127 verba
1358 2068 1392 2127 in
1418 2066 1532 2149 suspi—
1649 2099 1650 2120 2

285 2163 435 2263 ,cionem
456 2168 672 2271 adducendis:
701 2166 760 2237 sed
781 2173 974 2257 argumenta
994 2166 1166 2254 historica,
1201 2188 1272 2253 quae
1292 2168 1433 2235 ‹inlucide
1451 2187 1532 2255 pro-

208 2312 209 2315 *
288 2281 430 2448 „pqpuitt
441 2276 602 2412 ,i‘ihrcnsq
632 2296 697 2341 non
727 2274 819 2341 modo
846 2295 911 2340 nen
931 2274 1109 2359 refutavit,
1140 2274 1200 2340 scd
1220 2295 1263 2341 nc
1281 2277 1384 2401 uerbo
1403 2275 1531 2361 quidem

292 2402 339 2478 „a
369 2402 440 2471 igi.

391 2486 440 2551 At
460 2488 495 2552 in
525 2486 623 2551 rebus
644 2485 820 2551 narrandis
847 2506 976 2553 errores
998 2506 1020 2553 a
1041 2483 1197 2577 Cicerone
1223 2508 1291 2553 non
1312 2489 1421 2578 magis
1437 2483 1532 2556 ''aiia-
1650 2519 1651 2570 l

288 2612 349 2658 nos
370 2612 454 2679 esse,
477 2610 586 2681 quam,
616 2590 701 2679 quod
722 2596 792 2677 ipsc
814 2592 962 2660 concedit
991 2592 1111 2659 celeno.
1139 2596 1280 2659 cratoris
1299 2594 1432 2685 Editor,
1457 2614 1534 2661 ser-

237 2770 239 2779 ,
293 2702 397 2763 monis
420 2696 581 2762 interdum
602 2701 636 2761 et
657 2698 847 2783 eloquentiae
861 2700 1011 2787 lapsum,
1026 2698 1094 2765 *hoo
1114 2704 1198 2765 satis
1218 2706 1355 2767 comtat.
1395 2702 1535 2787 Jamque

288 2807 474 2869 criticorum
497 2804 579 2890 crit,
611 2807 646 2868 in
670 2805 775 2871 locum
794 2822 1053 2891 unumquemque
1075 2808 1255 2895 inquirere,
1285 2804 1442 2873 Cicerone
1466 2808 1533 2872 labi

288 2930 350 2973 suo
372 2910 441 2975 loco
461 2914 619 2998 potuerit,
655 2928 773 2979 necne:
806 2917 840 2977 et
871 2909 958 2978 sanc
974 2916 1094 3000 putuit,
1117 2914 1191 2977 sive
1209 2913 1314 2977 voluit
1341 2916 1415 2979 sive
1435 2916 1536 3003 igno-
1648 2988 1651 3003 Ι

289 3020 391 3081 ravit.
444 3017 526 3082 Nam
552 3020 623 3102 ipse
647 3017 691 3083 ad
711 3018 782 3083 Att.
805 3016 918 3105 xiii,
951 3016 1014 3081 44.
1042 3013 1203 3095 μνημονικᾶ
1225 3016 1443 3109 ‘apoprq'para
1469 3038 1531 3084 sua

290 3118 459 3189 confitetur
467 3150 490 3211 ,1
524 3123 580 3188 ubi
618 3122 773 3191 Atticum
803 3130 916 3213 rogat,
956 3129 1000 3189 ut·
1027 3129 1170 3191 erratum
1198 3122 1359 3211 quoddam
1388 3143 1432 3189 ex
1461 3145 1533 3190 om»-

288 3224 385 3295 nibus
412 3226 507 3293 libris.
533 3227 707 3295 tollendum
734 3236 837 3296 curet.
898 3229 987 3295 ldcm
1008 3216 1438 3319 taeitEpp.·ade'und.1.,
1472 3228 1534 3295 13.
1602 3228 1608 3232 ’

291 3341 327 3400 et
351 3336 426 3423 vn,
459 3332 494 3398 a.
537 3320 659 3399 colora
686 3333 846 3402 caninus
872 3336 1000 3421 quoram
1026 3340 1061 3401 m
1088 3333 1159 3402 cat.
1179 3338 1256 3423 111,
1287 3331 1320 3418 ς.
1345 3337 1379 3401 e.
1408 3337 1537 3402 raama

234 3462 237 3469 ·
291 3444 412 3509 delicto
435 3438 563 3529 Cimber
577 3444 785 3530 nominatur,
817 3446 873 3527 qui
900 3443 987 3529 apud
1008 3439 1187 3510 Salustium
1207 3441 1322 3530 Capito
1348 3449 1409 3510 est.
1450 3440 1539 3509 Sunt

291 3554 387 3615 etiam
414 3567 485 3633 qua
504 3547 609 3613 voluit
629 3550 784 3635 ignorare
804 3552 889 3637 siue,
910 3555 947 3615 ut
966 3554 1057 3615 recte
1078 3548 1199 3639 dicam,
1227 3555 1285 3615 aut
1305 3551 1458 3617 simulare
1479 3555 1539 3617 aut

292 3654 518 3742 dissimulare,
555 3660 588 3719 et
610 3652 651 3718 de
672 3649 740 3741 liis,
771 3661 843 3738 quae
871 3656 1040 3742 causarum
1075 3660 1109 3721 et
1134 3661 1310 3741 temporum
1335 3662 1426 3747 sunt,
1452 3660 1540 3724 satis

292 3765 405 3844 aperte
427 3754 494 3825 Cic.
519 3778 551 3843 p.
574 3754 731 3825 Cluentio.
753 3767 781 3828 c.
803 3754 880 3826 505
913 3760 1033 3828 Tamen
1053 3765 1087 3827 in
1108 3762 1170 3828 hac
1189 3767 1392 3848 potissimum
1411 3771 1543 3837 oratio-

293 3885 335 3934 ne
357 3866 426 3933 lieri
450 3868 573 3955 potest,
594 3868 631 3935 ut
652 3884 694 3933 ne
714 3867 842 3957 eulpam
860 3868 987 3957 quidem
1006 3870 1167 3941 memoria
1185 3872 1357 3942 sustineat.
