3309 4567
782 276 1023 351 -lt-

266 472 419 557 quibus
440 472 488 537 iu
507 470 694 557 singulis
724 470 981 543 actionibus
1001 490 1108 536 usus
1136 471 1233 556 sim,
1260 471 1540 557 cognoscas.’‘

157 592 162 607 '
264 586 411 653 llolesta
421 604 509 653 vsanc
527 586 717 653 verbositas
734 605 795 675 pro
810 586 949 675 sinplici
957 586 1014 653 illo
1027 586 1114 673 quod
1126 586 1313 673 vituperat:
1333 588 1542 675 „perspicies

265 707 303 768 ot
315 722 388 789 quoa
407 704 573 791 gesserim
592 708 721 790 etqua
741 704 907 775 dixerim”
948 703 1032 771 Haeo
1052 701 1139 776 enim
1157 703 1417 789 utraqueAttioo
1431 704 1542 771 sotius

262 818 575 906 perspicienda
595 837 675 887 esse
694 825 864 908 poterunt,
884 822 940 907 qui
958 824 994 889 et
1013 818 1137 884 absens
1156 817 1542 909 nesaOonsulegestmr

158 978 161 982 -
261 937 545 1001 incommentario
566 946 626 1001 suo
646 938 915 1023 perscripsisset,
935 951 1043 1019 neque
1061 934 1164 1013 satis,
1190 938 1228 1000 ut
1246 934 1399 1003 ciceroni
1417 938 1540 1024 placet,
1628 951 1630 1020 ι

261 1054 388 1125 ornate.
423 1034 756 1136 novercabatur
781 1070 834 1117 me
849 1050 979 1137 quidem
999 1054 1183 1116 cunctatum
1211 1050 1334 1136 tuboe,
1363 1057 1543 1139 ιιιιιιιιιιιιι-

261 1167 338 1231 milri
353 1166 614 1251 ,persuaderem
646 1167 761 1233 Virum
791 1170 920 1258 tantum
950 1167 1038 1233 serio
1067 1166 1129 1231 has
1159 1183 1270 1253 nugas
1300 1184 1405 1253 agere
1425 1187 1539 1255 posse.

143 1334 145 1339 .
262 1280 334 1345 Seri
360 1298 455 1365 quum
483 1282 573 1349 sales
593 1284 787 1349 urbanitatis
817 1284 1059 1368 qualescunque
1079 1280 1234 1348 Ciceroni
1261 1281 1444 1367 detrectes,
1474 1305 1544 1369 quo

262 1394 347 1467 hunc
366 1397 472 1482 ipsum
492 1396 677 1483 longiorem
697 1396 872 1480 redderet,
902 1396 1027 1462 rhetori
1051 1398 1165 1462 nescio
1196 1398 1248 1463 cni
1275 1397 1421 1484 reliquit,
1451 1398 1541 1466 idem

261 1530 356 1597 quam
377 1516 568 1581 constanter
595 1512 734 1595 fecerit,
765 1518 801 1579 ιι
832 1512 1023 1582 rusticitatis
1055 1514 1153 1577 etiarn
1184 1514 1315 1580 nominc
1345 1510 1542 1581 Ciceronem

217 1622 223 1633 '
261 1628 469 1709 absolveret,
505 1626 822 1695 Pseudociceronem
854 1627 1022 1712 afficeret,
1059 1630 1133 1713 ipse
1167 1629 1299 1697 viderit.
1354 1630 1543 1696 Ferendum

262 1742 349 1816 enim
369 1761 434 1807 non
457 1758 535 1805 esse
556 1742 723 1816 existimat
743 1739 819 1807 hoc:
847 1745 904 1808 aut
932 1760 977 1807 ne
1003 1744 1231 1829 poposcisses,
1264 1764 1331 1833 ego
1363 1748 1450 1812 euim
1478 1745 1542 1825 tibi

261 1874 313 1923 me
333 1876 400 1923 non
422 1856 618 1931 obterebam.
661 1856 755 1937 Quod
776 1855 904 1940 quidem
925 1858 991 1923 nisi
1010 1858 1095 1924 forte
1114 1859 1195 1925 illud
1215 1862 1313 1929 etiam
1333 1859 1414 1950 31.
1445 1864 1541 1948 „Tua

260 1972 318 2043 illa
337 1972 503 2045 horridula
522 1972 600 2049 milri
612 1978 719 2059 atque
739 1974 902 2061 incompta
922 1975 998 2039 risa
1017 1978 1122 2061 snnt,’'
1142 1978 1310 2045 offendere
1323 1980 1459 2047 amicum
1471 2000 1542 2049 nou

131 2176 142 2192 „
261 2091 401 2177 poterat.
443 2089 545 2174 Atqui
566 2086 683 2163 Cicero
704 2090 832 2177 hebuit,
866 2090 951 2176 quod
984 2092 1115 2158 nimiam
1134 2111 1227 2161 suom
1247 2098 1283 2161 in
1302 2098 1458 2163 mittendo
1479 2114 1539 2163 se-

261 2204 429 2275 dulitatem
449 2206 552 2278 Attici
582 2206 856 2289 postulationibus
885 2212 1070 2277 excusaret.
1111 2210 1196 2277 Elam
1227 2214 1312 2278 enim
1342 2214 1378 2279 in
1400 2214 1464 2280 lrac
1483 2232 1539 2299 ep,

187 2377 190 2385 ,
260 2338 331 2404 prm
352 2319 473 2393 ceteris
492 2339 564 2405 prae
584 2320 707 2397 ecfert
724 2319 788 2411 33
810 2327 839 2389 1.
861 2328 892 2390 2.
913 2327 1018 2391 ali.
1049 2326 1084 2392 in
1109 2346 1171 2412 qno
1193 2332 1343 2398 extremo
1363 2332 1436 2397 loco
1456 2332 1539 2418 hoo,

261 2446 335 2519 quae
356 2434 780 2525 AURELIUMsugerunt,
751 2440 911 2507 taddita
924 2441 1030 2507 verba
1048 2444 1377 2527 „cumoratiunculis”
1397 2446 1539 2511 delenda

261 2556 393 2621 essent
391 2568 440 2623 err
455 2552 569 2627 istius
577 2556 785 2631 sententia
890 2615 894 2619 .

323 2699 431 2768 Sunt
459 2704 567 2771 autem
591 2706 661 2771 alia
692 2706 810 2773 duom
830 2706 883 2772 his
904 2710 1104 2796 enunciatis,
1135 2728 1207 2794 quae
1235 2708 1394 2775 Cicerone
1422 2715 1537 2774 censet

261 2814 422 2911 indigna*
437 2838 543 2911 neque
563 2842 604 2891 ea
617 2826 798 2912 levissimi,
802 2830 855 2891 ut
867 2824 1017 2912 videtur,
1037 2828 1200 2893 momenti.
1240 2827 1327 2893 Nam
1342 2828 1393 2893 sic
1406 2829 1536 2915 pergit:¹

264 2950 393 3019 „neque
411 2936 568 3023 profecto
581 2936 679 3005 affeci
679 2939 801 3007 atione
808 2944 923 3003 carent
944 2938 1102 3005 Graeca
1090 2962 1126 3006 m
1146 2945 1212 3007 tam
1232 2944 1327 3009 brevi
1345 2946 1416 3011 loco
1438 2954 1536 3009 accu-

261 3050 409 3117 muleta'*
430 3048 651 3141 *Equidem
671 3074 773 3169 saepe
782 3055 918 3121 miratus
939 3066 1011 3123 sum
1031 3054 1265 3145 singularem
1252 3080 1288 3126 ιι
1307 3058 1370 3127 hoc
1387 3060 1468 3126 Viro
1481 3057 1534 3122 dd.

263 3164 445 3235 Ciceronis
443 3172 702 3257 emulationem,
724 3164 789 3257 qua
808 3172 867 3239 vel
885 3173 1014 3241 inritus
1030 3173 1121 3241 soleo
1142 3179 1250 3262 potitae
1263 3178 1369 3244 nostri
1386 3176 1488 3241 verba
1504 3177 1534 3255 ⁴)

261 3282 445 3352 admoneri:
467 3302 543 3351 nam
562 3287 635 3371 ipse
657 3286 890 3355 AURELIUS
911 3292 995 3356 istuc
1009 3291 1180 3359 Uiceronis
1197 3296 1232 3362 in
1253 3292 1404 3381 epistolis
1422 3306 1536 3377 greca

261 3454 489 3469 -———-

294 3583 320 3656 lb
336 3596 431 3647 Sobill.
452 3596 537 3649 Wall.
552 3600 620 3665 Lag.
638 3598 729 3651 Αι11ι.
744 3600 792 3665 111.
808 3598 874 3669 W.
892 3600 935 3655 30,
951 3604 991 3654 31ι
