3309 4567
890 464 917 536 6

887 590 893 601 1

283 665 396 748 parat,
422 664 460 725 ut
480 658 543 724 hae
564 662 701 745 utraque
721 662 883 744 potestate
911 658 1104 746 supplicium
1129 660 1212 726 sumi
1239 658 1280 725 de
1302 659 1375 726 cive
1396 657 1518 725 Roma-

282 786 324 829 no
349 766 481 833 licuisse
507 765 718 853 intelligatur.
773 764 893 833 Tamen
919 764 983 831 hoe
1008 768 1159 852 interest,
1193 762 1295 853 quod,
1326 769 1523 853 magistratu

282 871 337 955 qui
358 869 530 959 abiissent,
563 873 647 959 plebi
676 871 806 939 obnoxii
829 877 939 961 erent,
970 875 1026 958 qui
1054 870 1147 956 jussu
1173 872 1282 957 populi
1304 869 1524 959 judicassent,

248 1037 253 1046 .
281 995 345 1041 non
371 983 474 1044 erant.
534 978 574 1045 lc
600 977 684 1065 quod
719 977 925 1044 confirmatur
951 978 1025 1044 Liv.
1054 976 1154 1061 Epit..
1179 976 1269 1042 LXI.
1295 980 1378 1043 extr.
1408 981 1441 1041 et
1467 980 1522 1061 iis,

284 1101 357 1166 quae
376 1080 525 1151 Ciceroni
559 1088 674 1169 postea
706 1082 911 1151 acciderunt:
944 1102 1016 1169 qnae
1051 1086 1147 1148 etiam
1183 1077 1315 1152 Catonis
1347 1084 1520 1170 sententia,

280 1186 394 1262 addita
431 1191 577 1257 clausaria
604 1207 716 1279 „more
748 1174 929 1274 majorum“
957 1184 1101 1269 (Saluo.
1123 1186 1183 1255 52.
1206 1183 1327 1279 exta),
1353 1193 1520 1275 precenta

281 1313 356 1361 ease
377 1284 541 1360 videntur.
593 1295 697 1380 Atqui
719 1295 760 1361 ob
781 1313 851 1361 eam
877 1310 1007 1362 causam
1029 1290 1143 1361 Cicero
1171 1297 1371 1361 consultum
1391 1298 1427 1359 in
1446 1299 1521 1380 pri-

279 1420 342 1489 ma,
363 1418 435 1486 qua
456 1406 569 1467 contra
591 1396 762 1468 Catilinam
782 1406 843 1489 est,
864 1406 939 1489 tun,
963 1403 994 1467 ei
1015 1399 1058 1467 od
1077 1419 1149 1467 eam
1168 1402 1245 1469 licet
1265 1420 1463 1489 provocare,
1484 1405 1522 1467 in

280 1508 380 1571 tertia
410 1507 515 1592 legem
540 1509 636 1573 istam
668 1512 762 1594 qnasi
788 1513 957 1595 spectrum
977 1511 1052 1573 arete
1079 1508 1188 1575 nouos
1221 1507 1391 1574 obversari
1417 1506 1520 1588 videt.

259 1608 363 1696 ,Nam
383 1616 445 1677 etsi
468 1608 524 1694 [in
550 1612 644 1683 Catil
664 1616 702 1704 1.‚
724 1608 758 1697 S.
778 1608 855 1703 2.),
888 1612 967 1700 quid
987 1615 1131 1682 coranlis
1149 1613 1248 1701 jussu
1275 1612 1345 1680 fieri
1376 1612 1495 1679 debere

278 1714 367 1781 haud
388 1722 549 1786 immemor
570 1720 647 1808 luit,
668 1726 775 1787 tamon
795 1724 887 1785 itaet
907 1724 1054 1785 senatum
1071 1725 1106 1784 et
1125 1722 1275 1805 populum
1295 1721 1387 1809 leges
1407 1717 1520 1785 admo·

183 1876 186 1882 .
278 1823 377 1889 nebat
390 1820 444 1913 5),
471 1832 509 1891 ut
533 1828 648 1892 abesse
676 1846 741 1893 non
765 1827 897 1891 multum
922 1830 1048 1914 posset,
1077 1828 1155 1911 quin
1180 1832 1277 1892 cauta
1295 1823 1439 1894 Caesaris
1464 1830 1520 1899 αἱ,

270 1946 340 2027 ’με
366 1936 558 2016 praemunita
579 1936 725 1999 oratione
752 1936 926 1999 commotus
946 1949 1038 1996 suam
1057 1930 1099 1995 de
1119 1949 1160 1996 ca
1186 1951 1224 1997 re
1243 1935 1434 1997 sententiam
1465 1934 1519 1995 in-

277 2052 387 2123 genue
410 2034 544 2113 diceret,
560 2039 616 2103 vel
636 2040 725 2104 nulla
745 2057 766 2105 a
789 2034 921 2105 Caesare
942 2032 1251 2123 Semproniae-facto
1270 2026 1438 2103 mentione.
1470 2036 1521 2102 At

278 2138 421 2207 Ahrens.
446 2135 498 2228 [p.
521 2141 609 2207 214.
635 2138 716 2225 15.)
739 2163 809 2210 eam
829 2147 877 2209 ita
897 2148 1147 2232 interpretatur,
1175 2134 1211 2209 u't
1226 2142 1378 2229 judicare
1398 2146 1443 2208 sit
1454 2140 1518 2228 ju-

277 2244 397 2312 dicium
418 2266 543 2336 cogere.
595 2245 695 2335 Cujus
723 2254 835 2317 nescio
861 2269 905 2315 an
924 2249 1102 2316 Romarmm
1126 2250 1247 2314 nullum
1272 2254 1436 2317 auctorem
1462 2254 1517 2314 in-

171 2405 175 2427 ,
231 2344 233 2352 '
276 2355 416 2441 venerit,
437 2352 499 2420 hoc
519 2357 603 2430 enim
624 2361 675 2421 est
688 2372 889 2441 quaerere
910 2349 1000 2437 (Cic.
1016 2355 1057 2420 de
1073 2356 1146 2420 Fin.
1161 2354 1217 2441 ll.‚
1236 2351 1297 2423 16.
1315 2350 1349 2438 §.
1363 2357 1424 2424 54.
1443 2351 1516 2439 al).

275 2451 344 2541 Sed
370 2462 450 2523 esto.
507 2454 662 2525 Senatum
703 2465 750 2525 ait
783 2463 1002 2550 cumulasse,
1038 2482 1104 2526 non
1132 2460 1333 2547 judicasse.-
1358 2462 1518 2555 lemene

275 2560 443 2629 Ciceronis
473 2571 569 2650 atque
591 2570 687 2633 etiam
707 2560 845 2633 salustii
858 2561 896 2649 ⁶]
916 2572 1078 2633 sententia
1100 2566 1259 2652 judicium
1280 2567 1376 2638 fecit:
1406 2572 1517 2654 itaque

275 2674 365 2734 recte
387 2666 502 2737 Cicero
522 2672 617 2758 legis,
641 2690 734 2755 quam
756 2677 826 2759 ipse
846 2673 1039 2763 verebatur,
1058 2678 1176 2765 metum
1195 2680 1380 2745 senatorum
1401 2678 1517 2741 animis

276 2777 505 2843 excutiendum
527 2783 673 2869 putavit,
695 2778 780 2866 quod
800 2784 848 2845 ita
868 2779 956 2870 fecit,
978 2786 1015 2847 ut
1035 2772 1140 2868 ipsius
1162 2780 1304 2852 Caesaris
1324 2789 1521 2875 sententiam

279 2950 500 2968 —U-———

318 3062 344 3127 5)
361 3062 393 3123 1,,
412 3070 452 3116 11.
469 3069 491 3119 s.
511 3060 556 3117 28:
570 3080 605 3109 on·
618 3062 709 3126 leges
726 3082 790 3130 quc
807 3066 845 3114 de
863 3066 986 3116 Civium
1004 3068 1223 3117 Romanorum
1241 3067 1409 3133 oupplicio
1424 3080 1513 3131 rogate

360 3152 436 3199 suut?
462 3162 487 3199 ut
502 3168 626 3215 nunquam
650 3155 676 3202 in
694 3156 740 3205 hac
757 3163 820 3211 urbe
838 3158 874 3221 ii,
892 3158 932 3222 (soni
951 3176 965 3206 a
982 3158 1280 3224 manutenementum,
1306 3158 1394 3206 civium
1410 3159 1515 3222 jurate·

358 3253 475 3295 nucrunt.
498 3266 532 3281 ι-
556 3244 612 3297 ΙΙΙ,
629 3247 653 3298 6,
670 3252 691 3302 s,
709 3246 844 3313 Lentulus,
862 3264 1009 3312 quamnquam
1025 3250 1156 3312 patefactus
1173 3249 1269 3297 indiciis
1286 3259 1311 3295 ct
1327 3246 1513 3297 consensionibus

357 3332 415 3393 cuir,
431 3330 524 3395 judicio
542 3342 643 3387 senatus,
661 3350 710 3381 nau
727 3337 800 3384 modo
817 3338 926 3401 praetoria
944 3338 996 3401 iun
1010 3340 1054 3395 ,red
1071 3339 1172 3387 etiarn
1190 3339 1277 3387 civia
1294 3340 1416 3402 omiserat,
1432 3350 1478 3393 etc,

309 3487 337 3550 6)
355 3489 405 3543 cte,
422 3488 448 3535 in
466 3487 511 3536 Pis.
528 3490 555 3546 7.
575 3470 749 3537 animadversio
767 3501 791 3539 ct
808 3491 881 3551 judi
892 3492 977 3539 cium
994 3493 1211 3554 oenatuonffuerat),
1248 3494 1287 3542 Ad
1304 3503 1345 3545 Ati
1375 3474 1451 3560 xit,
1469 3498 1513 3555 αι’.

336 3576 339 3580 ’
356 3566 421 3642 'quod
438 3579 559 3641 denique,
577 3590 707 3643 antequem
726 3582 893 3647 consulerem,
910 3583 960 3645 ipse
977 3582 1169 3646 judicarim.
1207 3588 1295 3649 Fragrn
1321 3587 1471 3645 metellina,
1486 3589 1514 3636 in

272 3670 276 3679 '
354 3670 444 3715 Senatu
462 3666 559 3730 habiae,
575 3670 613 3723 ed,
634 3669 681 3720 Or.
696 3686 723 3723 u.
741 3675 764 3729 5.
781 3688 821 3718 vos
839 3672 903 3719 enim
918 3673 1046 3735 statuistis,
1064 3692 1104 3721 vce
1120 3677 1263 3725 sententiam
1280 3679 1384 3729 dixistis,
1401 3696 1453 3723 ros
1471 3678 1513 3738 jn-

326 3778 328 3784 *
359 3756 503 3809 lionoris.
534 3759 734 3817 1Solust,c.51.
759 3761 1185 3824 suppliciuurdccrererou
1208 3782 1229 3820 c.
1247 3755 1514 3831 51Jgeuuopoenoe

358 3850 474 3895 uorum
491 3848 687 3908 decernerc;
704 3871 737 3889 -···
755 3850 811 3915 quid
829 3851 987 3901 statuatis
1004 3852 1161 3927 considerate,
