3309 4567
851 473 903 551 la

256 668 308 748 sic
328 670 488 766 explicat,
508 668 546 743 ut
566 668 685 741 sortem
705 666 858 761 tanquam
878 671 1057 743 mercedem
1076 667 1197 742 didam
1216 673 1391 760 intelltgat
1403 678 1496 757 ’φιλο

255 786 386 855 scribae
425 774 568 850 daretur.
598 820 601 827 ·
640 780 732 863 Quae
767 784 817 846 rei
855 784 1033 871 expositio,
1077 783 1141 849 etsi
1180 783 1287 866 ipsius
1327 773 1497 845 Ciceronis

255 893 457 977 testimonio,
482 891 537 973 qui
559 887 690 955 scribas>
710 892 928 955 mercenarios
953 891 1051 956 vocat
1076 891 1112 953 in
1132 886 1227 953 Verr.
1247 886 1325 975 111,
1359 882 1420 951 78.
1433 877 1500 971 ¹⁰),

256 998 378 1063 finnari
398 998 517 1085 possit,
539 999 646 1060 tamen
664 1012 768 1081 neque
789 999 1014 1062 auctoritatem
1035 994 1134 1072 babet
1143 996 1276 1061 latinam
1295 993 1373 1059 talis
1394 1007 1499 1057 vocae

257 1104 326 1169 buli
346 1122 437 1190 usus,
457 1119 562 1186 neque
582 1098 715 1188 tirellio,
737 1118 925 1185 quamquam
948 1098 1210 1169 PuAEanuu
1232 1092 1501 1165 AHRENSlllS
1566 1173 1568 1183 k

253 1212 335 1277 huic
361 1213 431 1275 loco
457 1210 613 1272 universo
640 1202 860 1296 subscripsitl,
886 1210 971 1274 satis
997 1207 1088 1275 iecit.
1135 1210 1224 1275 Huic
1255 1210 1340 1273 enim
1369 1205 1499 1272 scribae

258 1318 463 1399 consulares,
484 1304 651 1399 praetorii,
673 1312 825 1401 aedilitii,
849 1318 1027 1398 quaestorii
1047 1318 1090 1379 iis
1111 1312 1237 1403 diebus,
1260 1313 1378 1399 quibus
1399 1329 1499 1377 sena-

258 1430 313 1491 tus
335 1421 529 1507 haberetur,
562 1416 606 1483 ed
627 1408 798 1486 aerarium
811 1424 931 1485 sortem
953 1419 1090 1487 duxisse
1111 1419 1284 1507 videntur,
1318 1417 1501 1504 aquibus·

258 1536 333 1594 nam
361 1521 595 1613 perscribenda
622 1529 733 1591 essent
747 1515 1086 1622 senatusconsulta,
1114 1544 1179 1611 qua
1203 1528 1296 1591 inre
1324 1529 1413 1590 esset
1434 1524 1500 1587 ali-

259 1630 338 1719 quid
359 1632 570 1699 emolumenti.
624 1631 716 1715 Quae
737 1631 866 1717 quidem
891 1631 1080 1719 conjectura
1104 1633 1235 1699 lectioni
1256 1636 1293 1697 ut
1320 1648 1423 1718 supra
1442 1647 1500 1695 re-

174 1721 177 1725 *
251 1742 397 1805 'stitutae
417 1736 499 1803 bene
529 1740 691 1803 convenit.
732 1732 860 1827 Solum,
885 1737 973 1823 quod
993 1722 1133 1826 „casu“
1153 1736 1206 1825 lit,
1232 1736 1380 1823 impedit:
1414 1734 1500 1822 quod

259 1841 459 1911 Marklando
482 1860 601 1909 causae
622 1842 702 1930 init,
730 1849 766 1908 ut
787 1844 883 1911 aliam
902 1844 999 1930 hujus
1020 1848 1118 1929 atque
1138 1864 1198 1930 pro
1218 1843 1321 1909 Domo
1341 1831 1500 1911 orationis

257 1948 474 2017 conditionem
495 1966 570 2012 esse
589 1948 759 2013 statueret.
800 1940 846 2015 Et
866 1956 916 2016 est
937 1949 1066 2035 quidem
1086 1952 1162 2017 alia.
1203 1952 1286 2017 Istic
1306 1953 1392 2017 enim
1411 1954 1501 2017 seri·

258 2060 320 2125 bae
335 2056 433 2143 juxta
454 2056 636 2139 equestrem
661 2051 807 2121 ordinem
831 2060 1080 2145 magistratuum
1108 2054 1264 2144 dignati
1289 2054 1362 2121 iere
1384 2057 1503 2142 proxi-

257 2169 302 2230 mi
328 2154 504 2229 habentur:
535 2158 592 2227 hic
616 2175 697 2225 vero
726 2164 799 2229 sive
815 2156 841 2231 'a
860 2158 950 2231 sorte
974 2156 1048 2231 sive
1069 2151 1092 2229 a
1116 2160 1266 2229 mercede
1291 2154 1335 2236 od
1361 2160 1500 2228 audien-
1565 2161 1570 2165 ’

167 2270 169 2273 ’
252 2267 333 2339 dum
353 2267 478 2356 aliquid
498 2274 576 2335 novi
598 2270 843 2337 convertuntur.
888 2272 938 2339 At
957 2292 1021 2362 ego
1041 2290 1153 2339 vocem
1173 2254 1295 2359 „casu“
1316 2290 1388 2337 com
1407 2265 1500 2359 „irc-

153 2408 155 2415 1
253 2360 470 2465 'quentasset“
500 2380 580 2461 puto
611 2379 658 2441 ita
680 2374 898 2467 jungendam,
934 2384 970 2445 ut
996 2379 1079 2447 nihil
1104 2365 1180 2443 inde
1206 2376 1251 2442 ad
1276 2375 1501 2463 explicandam

251 2489 411 2551 ‘sortem
432 2479 643 2566 repetundum
665 2484 722 2545 sit.
764 2482 846 2549 llam
862 2472 973 2549 butem
992 2504 1058 2549 non
1077 2482 1175 2549 video
1196 2482 1353 2567 quomodo
1371 2483 1427 2548 vel
1441 2479 1499 2567 jo‘*

250 2572 337 2657 cose
358 2608 419 2674 pro
438 2586 588 2653 mercede
609 2590 719 2653 orator
740 2588 964 2678 collocaverit,
989 2606 1086 2674 quum
1104 2608 1171 2655 non
1191 2594 1280 2654 essct
1301 2592 1376 2655 istis
1395 2587 1503 2653 homi„

177 2719 180 2727 ·
260 2687 357 2763 nibus
380 2684 555 2759 illusurus.'
583 2687 743 2781 Cetenun,
766 2699 804 2760 ut
822 2687 896 2761 nolo
909 2698 1137 2781 quaestionem
1156 2696 1338 2790 absolvere,
1359 2698 1407 2760 ita
1426 2697 1503 2759 anl-

126 2865 129 2871 .
260 2822 331 2865 mus
352 2804 402 2865 est
429 2802 535 2885 pauca
555 2797 741 2867 observare.
797 2800 941 2867 Primum
961 2804 1046 2867 enim
1071 2800 1159 2888 opud
1183 2802 1347 2868 Romam
1372 2802 1503 2867 sortitlo

259 2912 294 2971 in
316 2907 415 2971 rebus
444 2905 500 2969 vel
522 2904 660 2969 leuioris
691 2912 840 2974 momenti
866 2910 970 2976 locum
991 2908 1149 2975 habuisse
1181 2906 1323 2974 videtur.
1365 2902 1425 2973 Sic
1448 2924 1505 2992 ap.

254 3012 357 3100 virg.
381 3004 465 3078 Aen.
487 3013 536 3101 l.,³
562 3010 649 3079 507.
671 3011 706 3079 8.
728 3016 905 3082 laborem
931 3015 1121 3101 partibus
1147 3014 1351 3099 aequabat
1378 3010 1505 3095 justis

221 3103 227 3118 ’
252 3112 331 3184 ἰιιὶ
352 3122 465 3183 sorte
486 3101 692 3187 trahebat:
721 3122 892 3207 quod-nisi
910 3122 1065 3187 Romanis
1083 3141 1127 3187 ex
1146 3140 1235 3186 more
1257 3117 1386 3207 linisset,
1405 3123 1504 3204 poda

189 3281 195 3289 .
251 3222 340 3287 *mihi
360 3222 492 3290 videtur
513 3245 578 3290 non
599 3229 793 3294 inventurus
814 3227 930 3294 fuisse.
970 3224 1094 3295 Conna
1115 3228 1288 3315 decuriae,-
1320 3228 1394 3291 sive
1414 3231 1504 3289 erne*

244 3318 341 3393 *baut
365 3328 496 3395 scribae
524 3333 597 3394 sive
622 3332 832 3423 legebantur,
870 3352 935 3398 non
961 3332 1107 3423 obstant,
1150 3338 1228 3419 quin
1261 3334 1396 3401 sortitos
1426 3348 1505 3395 esse

255 3440 370 3501 ommia
396 3436 528 3521 publica
556 3439 740 3525 existimes,
773 3458 846 3503 cum
860 3438 1010 3526 judices,
1037 3442 1092 3524 qui
1120 3440 1317 3530 legebantur
1344 3439 1379 3502 ln
1399 3432 1505 3501 decu-

260 3545 347 3627 rias,
381 3538 589 3611 nihilominus
618 3547 825 3631 quaestiones
851 3548 1057 3612 sortirentur.
1109 3547 1163 3612 Ae
1185 3544 1270 3611 nibil
1292 3543 1388 3631 facit,
1417 3542 1505 3627 quod

260 3646 407 3713 Abrens.
428 3651 573 3717 obtendit
595 3644 646 3738 (p.
670 3641 784 3730 133.)
806 3651 987 3721 scribarum
1015 3650 1162 3725 ordinem
1187 3655 1325 3723 omnium
1355 3646 1506 3737 eundem,

193 3784 202 3795 ⁸
257 3794 512 3815 undu-«Q...-

290 3888 332 3944 ab)
351 3888 440 3938 Conler
458 3888 531 3947 Corn,
550 3889 614 3955 nep,
631 3875 704 3951 Eunt,
726 3904 754 3961 ι,Ι
835 3905 838 3907 ’
