3309 4567
756 433 783 499 5

567 544 572 555 a
685 536 849 558 qua—u-

158 644 166 683 ¹.
253 618 322 689 Sed
341 622 432 689 locus
452 624 588 689 mammo
607 629 748 696 vexatus
771 631 826 709 est
842 628 877 691 in
900 620 1030 691 Catilina
1052 623 1122 712 lv„
1142 616 1176 703 S.
1200 621 1260 689 10.
1303 624 1394 711 „Viff

151 726 212 795 deo
234 730 348 797 abesse
379 742 444 795 non
463 734 635 819 neminem,
659 748 707 795 ne
735 730 780 798 de
808 734 943 817 capite
975 729 1129 797 videlicet
1155 732 1302 796 civium
1324 752 1387 821 rp-

65 831 72 917 j
151 853 346 901 manorum
367 840 606 903 seutentiam
626 836 744 903 ferat.
759 838 914 903 --At
934 856 1014 903 vcro
1036 834 1071 903 C.
1089 833 1200 904 Caesar
1221 836 1386 924 intelligit,

149 938 278 1028 legera
302 936 575 1027 Semproniam
599 960 673 1009 esse
703 941 751 1007 de
777 944 937 1031 civibus
964 946 1135 1007 romanis
1163 940 1386 1007 constitutam:

150 1051 205 1132 qui
237 1050 342 1131 autem
371 1051 420 1113 rei
449 1048 586 1134 publica
613 1052 658 1113 sit
686 1047 807 1135 hostis,
850 1068 921 1113 eum
949 1052 1053 1123 civem
1080 1045 1153 1113 osse
1180 1046 1386 1112 nullomodo

150 1172 261 1238 posse3
303 1152 471 1239 denique
505 1158 610 1240 ipsum
647 1156 811 1227 latorem
834 1150 1088 1240 Semproniae
1126 1156 1233 1242 legis
1267 1153 1387 1239 jussu

149 1260 283 1343 populi
305 1276 428 1344 poenam
449 1246 672 1343 dependisse.“
721 1256 833 1329 Prima
853 1264 890 1325 in
909 1260 963 1326 his
984 1261 1098 1326 uerbis
1123 1260 1292 1343 difficultas
1317 1268 1388 1345 ori-.-

148 1368 214 1451 tur,
234 1364 318 1448 quod
340 1360 454 1432 Cicero
475 1359 689 1453 Semproniae,
720 1360 887 1432 Salustius
908 1372 941 1431 et
961 1368 1079 1451 reliqui
1100 1371 1279 1453 scriptores
1299 1367 1388 1442 Por-

149 1472 210 1534 ciae
229 1470 315 1559 legis
336 1473 526 1535 mentionem
548 1470 688 1557 faciunt,
717 1490 789 1554 quae
809 1474 938 1536 senatui
959 1470 1001 1535 de
1027 1470 1204 1556 conjuratis
1225 1471 1387 1559 judicanti
1466 1485 1469 1489 ·

148 1574 353 1641 obscuranda
383 1580 480 1641 esset.
535 1576 610 1641 Jam
638 1580 745 1641 autem
772 1579 856 1642 satis
870 1580 1054 1663 convenit,
1086 1577 1192 1665 legem
1220 1583 1389 1664 utramque

148 1702 212 1747 non
234 1686 282 1747 ita
303 1680 449 1770 differre,
480 1687 515 1747 ut
536 1667 648 1749 eadem
674 1700 774 1747 causa
796 1681 851 1747 his
873 1682 999 1748 duabus
1019 1686 1123 1747 teneri
1151 1702 1216 1746 non
1236 1666 1388 1767 potuerit
1462 1723 1465 1735 ·

148 1782 340 1873 Sempronia
359 1786 500 1875 quidem,
522 1787 590 1854 lata
611 1794 684 1875 post
704 1788 774 1853 Tib.
796 1777 912 1855 fratris
941 1792 1107 1855 interitum
1127 1808 1148 1853 a
1169 1785 1205 1856 C.
1227 1788 1388 1879 Graccho,

147 1894 346 1985 prohibitum
369 1894 447 1983 nit,
479 1899 637 1986 nequis
667 1895 825 1981 injussu
847 1898 985 1982 populi
1008 1896 1049 1962 de
1077 1900 1184 1983 capite
1211 1898 1296 1961 civis
1315 1896 1388 1961 Ro-
1411 1923 1414 1930 ¹

148 2004 233 2064 marti
252 1998 474 2085 judicarct3
495 2000 615 2067 Porcia
634 2020 736 2089 vero}
748 2020 789 2065 ne
811 2004 885 2086 quis
905 2004 990 2067 civis
1003 2003 1195 2068 verberibus
1208 2008 1265 2067 aut
1283 2008 1387 2070 morte
1472 2025 1492 2040 ¹

148 2102 342 2193 afficeretur,
364 2126 448 2171 nene
470 2106 594 2174 indicta
614 2126 714 2173 causa
734 2111 852 2193 capitis
873 2106 1089 2193 damnaretur,
1110 2108 1168 2171 rel.
1191 2109 1249 2189 rel,
1276 2090 1387 2201 Quare

147 2232 282 2279 necesse
303 2220 453 2303 nonest,
480 2219 538 2279 aut
560 2210 595 2280 C.
617 2210 729 2279 Caesar
757 2218 792 2279 in
813 2217 959 2279 oratione
988 2232 1049 2278 sua
1067 2214 1153 2301 legis
1174 2209 1387 2305 Sempronia,

149 2326 205 2385 aut
232 2319 358 2386 Porcia>
379 2318 493 2402 Cicero
520 2323 707 2387 meminerit.
748 2320 832 2387 Nam
858 2321 912 2385 ille
939 2314 1160 2403 Semproniam
1188 2337 1305 2405 reapse
1324 2339 1388 2386 na-

148 2428 268 2513 glexit,
302 2446 403 2512 quum·
423 2430 515 2493 cives
544 2429 661 2512 capite.
677 2424 905 2493 deminuendos
932 2424 1058 2511 injussu
1085 2427 1198 2510 populi
1228 2426 1385 2492 decrevit.

144 2532 241 2614 'Quod
279 2540 384 2601 autem
425 2528 615 2599 Suetonium
648 2532 791 2603 Ahrers.
822 2527 881 2619 [p.
910 2524 1025 2613 112.)
1052 2531 1198 2598 scribere
1239 2533 1384 2621 affirmat>

149 2623 310 2705 Caesarem
337 2640 586 2727 „invitissimum
607 2637 654 2704 de
679 2640 852 2704 consilio
878 2635 1213 2703 traducendorum
1240 2636 1288 2702 ad
1318 2659 1387 2724 ρο,

142 2748 275 2830 ,pulum
311 2765 464 2813 reorum
503 2732 707 2832 destitisse“‚
750 2744 786 2815 id
811 2763 852 2807 ne
890 2742 992 2807 verbo
1023 2741 1157 2825 quidem·
1192 2736 1385 2836 Suetonius3

146 2852 318 2937 Appianus
339 2853 503 2917 levissime
524 2853 588 2915 tale
610 2850 693 2935 quiri
711 2848 843 2915 indicat.
888 2842 957 2912 Sed
977 2868 1112 2933 prorsus
1132 2854 1295 2936 repugnat
1316 2844 1386 2915 Sa-

145 2960 236 3023 tustii
266 2954 436 3033 etDionis
461 2956 713 3022 narrationibus.
755 2955 869 3038 ltaque
889 2971 950 3019 nec
977 2951 1100 3016 vindex
1121 2953 1206 3043 legis
1227 2949 1386 3044 Sempro-

141 3042 210 3129 nia
231 3058 342 3129 Cesar
366 3061 480 3128 haberi
506 3046 635 3149 potuit.⁴
662 3051 1080 3145 praenominatum),
1109 3057 1202 3144 cujus
1229 3065 1263 3125 in
1286 3080 1326 3127 ea
1346 3081 1384 3127 re

146 3171 286 3234 maxima
305 3168 388 3233 solet
412 3184 487 3233 esse
507 3171 702 3255 auctoritas,
731 3171 865 3233 senatus
886 3164 1066 3254 decretum,
1094 3186 1157 3250 quo
1179 3186 1234 3233 res
1253 3168 1384 3255 publica

148 3278 316 3341 commissa
336 3275 522 3343 consulibus
543 3281 646 3364 esset,
675 3279 708 3339 et
723 3272 884 3361 jussum
903 3273 1041 3359 populi
1063 3263 1110 3339 ita
1129 3276 1215 3339 inter
1235 3292 1272 3338 se
1284 3292 1384 3364 com,-

185 3560 211 3622 ’4)
228 3562 254 3615 Β,
273 3558 328 3614 Cat,
346 3574 368 3613 e.
386 3568 428 3620 29.
472 3557 509 3607 Ea
532 3563 641 3622 potestas
663 3575 717 3623 per
739 3558 908 3615 Senatum,
933 3574 1024 3608 more
1046 3560 1202 3611 Romano,
1230 3556 1383 3616 magistratui

131 3646 135 3657 ’
232 3652 338 3701 maxima
361 3650 524 3715 permittitur,
549 3650 682 3698 exercitum
706 3666 792 3713 parare
817 3674 851 3687 -
867 3678 905 3691 -
924 3676 959 3689 -
984 3646 1072 3695 domi
1090 3646 1230 3710 militiaque
1247 3647 1379 3710 imperium
1482 3700 1485 3707 ¹

233 3752 306 3804 atque
330 3741 493 3804 judicium
519 3756 675 3789 nummum
692 3740 830 3799 hibern
854 3740 924 3791 aliter
940 3738 991 3790 aine
1014 3735 1131 3801 popuii
1153 3735 1244 3804 jutan
1263 3736 1326 3787 nutri
1342 3752 1383 3787 aa·

192 3852 204 3869 s
229 3847 285 3881 rum
303 3848 387 3884 rerum
405 3830 504 3883 Contuli
518 3830 557 3896 jus
572 3840 615 3889 cet.
