<?xml version="1.0" encoding="UTF-8"?>
<!DOCTYPE html PUBLIC "-//W3C//DTD XHTML 1.0 Transitional//EN"
    "http://www.w3.org/TR/xhtml1/DTD/xhtml1-transitional.dtd">
<html xmlns="http://www.w3.org/1999/xhtml" xml:lang="en" lang="en">
 <head>
  <title>
</title>
<meta http-equiv="Content-Type" content="text/html;charset=utf-8" />
  <meta name='ocr-system' content='tesseract 3.04.00' />
  <meta name='ocr-capabilities' content='ocr_page ocr_carea ocr_par ocr_line ocrx_word'/>
</head>
<body>
  <div class='ocr_page' id='page_1' title='image "./quaestionumcice00schngoog_0023.png"; bbox 0 0 3309 4567; ppageno 0'>
   <div class='ocr_carea' id='block_1_1' title="bbox 770 326 1014 395">
    <p class='ocr_par' dir='ltr' id='par_1_1' title="bbox 770 326 1014 395">
     <span class='ocr_line' id='line_1_1' title="bbox 770 326 1014 395; baseline 0 -18"><span class='ocrx_word' id='word_1_1' title='bbox 770 326 1014 395; x_wconf 69' lang='lat'>..22-</span> 
     </span>
    </p>
   </div>
   <div class='ocr_carea' id='block_1_2' title="bbox 197 514 1536 2469">
    <p class='ocr_par' dir='ltr' id='par_1_2' title="bbox 197 514 1632 2469">
     <span class='ocr_line' id='line_1_2' title="bbox 255 514 1532 605; baseline 0.005 -25"><span class='ocrx_word' id='word_1_2' title='bbox 255 515 431 601; x_wconf 82' lang='lat' dir='ltr'><strong>cognovit,</strong></span> <span class='ocrx_word' id='word_1_3' title='bbox 464 518 642 579; x_wconf 87' lang='lat' dir='ltr'><strong>convocato</strong></span> <span class='ocrx_word' id='word_1_4' title='bbox 665 518 782 579; x_wconf 88' lang='lat' dir='ltr'><strong>senatu</strong></span> <span class='ocrx_word' id='word_1_5' title='bbox 802 517 933 598; x_wconf 85' lang='lat' dir='ltr'><strong>retulit,</strong></span> <span class='ocrx_word' id='word_1_6' title='bbox 966 516 1096 602; x_wconf 88' lang='lat' dir='ltr'><strong>„procul</strong></span> <span class='ocrx_word' id='word_1_7' title='bbox 1121 514 1219 582; x_wconf 89' lang='lat' dir='ltr'><strong>dubio</strong></span> <span class='ocrx_word' id='word_1_8' title='bbox 1247 519 1412 605; x_wconf 80' lang='lat' dir='ltr'>cognitam</span> <span class='ocrx_word' id='word_1_9' title='bbox 1432 524 1532 586; x_wconf 82' lang='lat' dir='ltr'><strong>antea</strong></span> 
     </span>
     <span class='ocr_line' id='line_1_3' title="bbox 253 629 1532 721; baseline 0.005 -28"><span class='ocrx_word' id='word_1_10' title='bbox 253 630 393 712; x_wconf 68' lang='lat' dir='ltr'><strong>luisset,</strong></span> <span class='ocrx_word' id='word_1_11' title='bbox 418 629 482 720; x_wconf 86' lang='lat' dir='ltr'><strong>¹lroc</strong></span> <span class='ocrx_word' id='word_1_12' title='bbox 509 632 619 695; x_wconf 82' lang='lat' dir='ltr'><strong>dicere</strong></span> <span class='ocrx_word' id='word_1_13' title='bbox 640 632 687 695; x_wconf 91' lang='lat' dir='ltr'><strong>ita</strong></span> <span class='ocrx_word' id='word_1_14' title='bbox 708 652 865 697; x_wconf 88' lang='lat' dir='ltr'><strong>summum</strong></span> <span class='ocrx_word' id='word_1_15' title='bbox 885 636 938 697; x_wconf 90' lang='lat' dir='ltr'><strong>est</strong></span> <span class='ocrx_word' id='word_1_16' title='bbox 958 632 993 696; x_wconf 93' lang='lat' dir='ltr'><strong>in</strong></span> <span class='ocrx_word' id='word_1_17' title='bbox 1013 630 1285 717; x_wconf 87' lang='lat' dir='ltr'><strong>conjecturando,</strong></span> <span class='ocrx_word' id='word_1_18' title='bbox 1312 639 1348 698; x_wconf 90' lang='lat' dir='ltr'><strong>ut</strong></span> <span class='ocrx_word' id='word_1_19' title='bbox 1373 632 1453 700; x_wconf 83' lang='lat' dir='ltr'>nihil</span> <span class='ocrx_word' id='word_1_20' title='bbox 1477 638 1532 721; x_wconf 86' lang='lat' dir='ltr'><strong>sit,</strong></span> 
     </span>
     <span class='ocr_line' id='line_1_4' title="bbox 255 743 1531 833; baseline 0.007 -24"><span class='ocrx_word' id='word_1_21' title='bbox 255 743 342 829; x_wconf 89' lang='lat' dir='ltr'><strong>quod</strong></span> <span class='ocrx_word' id='word_1_22' title='bbox 354 745 419 811; x_wconf 37' lang='lat' dir='ltr'><strong>,tuli</strong></span> <span class='ocrx_word' id='word_1_23' title='bbox 438 744 534 812; x_wconf 89' lang='lat' dir='ltr'><strong>modo</strong></span> <span class='ocrx_word' id='word_1_24' title='bbox 555 766 622 811; x_wconf 92' lang='lat' dir='ltr'><strong>non</strong></span> <span class='ocrx_word' id='word_1_25' title='bbox 640 746 772 832; x_wconf 82' lang='lat' dir='ltr'>probes.</span> <span class='ocrx_word' id='word_1_26' title='bbox 816 746 925 829; x_wconf 82' lang='lat' dir='ltr'><strong>Quare</strong></span> <span class='ocrx_word' id='word_1_27' title='bbox 947 748 1111 815; x_wconf 80' lang='lat' dir='ltr'><strong>concedas</strong></span> <span class='ocrx_word' id='word_1_28' title='bbox 1131 765 1272 814; x_wconf 89' lang='lat' dir='ltr'><strong>necesse</strong></span> <span class='ocrx_word' id='word_1_29' title='bbox 1296 755 1366 833; x_wconf 90' lang='lat' dir='ltr'><strong>est,</strong></span> <span class='ocrx_word' id='word_1_30' title='bbox 1384 748 1531 819; x_wconf 82' lang='lat' dir='ltr'><strong>Salustio</strong></span> 
     </span>
     <span class='ocr_line' id='line_1_5' title="bbox 254 862 1533 955; baseline 0.006 -31"><span class='ocrx_word' id='word_1_31' title='bbox 254 864 587 955; x_wconf 12' lang='lat' dir='ltr'><strong>auctorertorationem</strong></span> <span class='ocrx_word' id='word_1_32' title='bbox 600 864 753 929; x_wconf 87' lang='lat' dir='ltr'><strong>consulis</strong></span> <span class='ocrx_word' id='word_1_33' title='bbox 773 884 841 932; x_wconf 92' lang='lat' dir='ltr'><strong>non</strong></span> <span class='ocrx_word' id='word_1_34' title='bbox 861 864 956 933; x_wconf 90' lang='lat' dir='ltr'><strong>modo</strong></span> <span class='ocrx_word' id='word_1_35' title='bbox 980 884 1047 929; x_wconf 95' lang='lat' dir='ltr'><strong>non</strong></span> <span class='ocrx_word' id='word_1_36' title='bbox 1064 862 1212 944; x_wconf 75' lang='lat' dir='ltr'><strong>excludi,</strong></span> <span class='ocrx_word' id='word_1_37' title='bbox 1240 882 1356 929; x_wconf 90' lang='lat' dir='ltr'><strong>verum</strong></span> <span class='ocrx_word' id='word_1_38' title='bbox 1377 867 1407 931; x_wconf 91' lang='lat' dir='ltr'><strong>si</strong></span> <span class='ocrx_word' id='word_1_39' title='bbox 1428 867 1533 932; x_wconf 85' lang='lat' dir='ltr'><strong>verba</strong></span> 
     </span>
     <span class='ocr_line' id='line_1_6' title="bbox 251 979 1534 1065; baseline 0.006 -24"><span class='ocrx_word' id='word_1_40' title='bbox 251 980 453 1065; x_wconf 79' lang='lat' dir='ltr'>gravissumi</span> <span class='ocrx_word' id='word_1_41' title='bbox 466 979 645 1063; x_wconf 81' lang='lat' dir='ltr'><strong>scriptoris</strong></span> <span class='ocrx_word' id='word_1_42' title='bbox 665 985 865 1064; x_wconf 78' lang='lat' dir='ltr'><strong>urgeantur,</strong></span> <span class='ocrx_word' id='word_1_43' title='bbox 887 981 985 1043; x_wconf 89' lang='lat' dir='ltr'><strong>etiam</strong></span> <span class='ocrx_word' id='word_1_44' title='bbox 1002 996 1105 1063; x_wconf 91' lang='lat' dir='ltr'><strong>posse</strong></span> <span class='ocrx_word' id='word_1_45' title='bbox 1126 982 1324 1063; x_wconf 89' lang='lat' dir='ltr'><strong>exspectari.</strong></span> <span class='ocrx_word' id='word_1_46' title='bbox 1367 980 1534 1049; x_wconf 82' lang='lat' dir='ltr'><strong>Sedhaec</strong></span> 
     </span>
     <span class='ocr_line' id='line_1_7' title="bbox 251 1094 1535 1185; baseline 0.001 -21"><span class='ocrx_word' id='word_1_47' title='bbox 251 1100 396 1185; x_wconf 85' lang='lat' dir='ltr'><strong>pessima</strong></span> <span class='ocrx_word' id='word_1_48' title='bbox 424 1101 476 1163; x_wconf 91' lang='lat' dir='ltr'><strong>est</strong></span> <span class='ocrx_word' id='word_1_49' title='bbox 500 1094 711 1161; x_wconf 79' lang='lat' dir='ltr'><strong>AHRENSI</strong></span> <span class='ocrx_word' id='word_1_50' title='bbox 734 1098 893 1183; x_wconf 76' lang='lat' dir='ltr'><strong>sumptio,</strong></span> <span class='ocrx_word' id='word_1_51' title='bbox 928 1095 1014 1181; x_wconf 90' lang='lat' dir='ltr'><strong>quod</strong></span> <span class='ocrx_word' id='word_1_52' title='bbox 1041 1101 1075 1160; x_wconf 92' lang='lat' dir='ltr'><strong>ct</strong></span> <span class='ocrx_word' id='word_1_53' title='bbox 1105 1095 1283 1162; x_wconf 86' lang='lat' dir='ltr'><strong>dissentire</strong></span> <span class='ocrx_word' id='word_1_54' title='bbox 1310 1094 1489 1165; x_wconf 82' lang='lat' dir='ltr'><strong>Salustium</strong></span> <span class='ocrx_word' id='word_1_55' title='bbox 1513 1119 1535 1165; x_wconf 90' lang='lat' dir='ltr'><strong>a</strong></span> 
     </span>
     <span class='ocr_line' id='line_1_8' title="bbox 252 1210 1535 1301; baseline 0.002 -23"><span class='ocrx_word' id='word_1_56' title='bbox 252 1213 412 1278; x_wconf 83' lang='lat' dir='ltr'><strong>Cicerone</strong></span> <span class='ocrx_word' id='word_1_57' title='bbox 428 1216 461 1275; x_wconf 93' lang='lat' dir='ltr'><strong>et</strong></span> <span class='ocrx_word' id='word_1_58' title='bbox 477 1211 726 1275; x_wconf 86' lang='lat' dir='ltr'><strong>dissentientem</strong></span> <span class='ocrx_word' id='word_1_59' title='bbox 744 1210 939 1298; x_wconf 82' lang='lat' dir='ltr'><strong>diligentius</strong></span> <span class='ocrx_word' id='word_1_60' title='bbox 953 1213 1132 1296; x_wconf 87' lang='lat' dir='ltr'><strong>veriusque</strong></span> <span class='ocrx_word' id='word_1_61' title='bbox 1154 1231 1292 1278; x_wconf 91' lang='lat' dir='ltr'><strong>narrare</strong></span> <span class='ocrx_word' id='word_1_62' title='bbox 1309 1214 1385 1279; x_wconf 91' lang='lat' dir='ltr'><strong>inde</strong></span> <span class='ocrx_word' id='word_1_63' title='bbox 1405 1218 1535 1301; x_wconf 87' lang='lat' dir='ltr'><strong>aprin-</strong></span> 
     </span>
     <span class='ocr_line' id='line_1_9' title="bbox 252 1302 1535 1416; baseline 0.002 -22"><span class='ocrx_word' id='word_1_64' title='bbox 252 1332 336 1415; x_wconf 92' lang='lat' dir='ltr'><strong>cipio</strong></span> <span class='ocrx_word' id='word_1_65' title='bbox 358 1302 638 1393; x_wconf 73' lang='lat' dir='ltr'><strong>commentationis</strong></span> <span class='ocrx_word' id='word_1_66' title='bbox 655 1346 737 1393; x_wconf 88' lang='lat' dir='ltr'><strong>suae</strong></span> <span class='ocrx_word' id='word_1_67' title='bbox 758 1330 891 1411; x_wconf 88' lang='lat' dir='ltr'><strong>statuit,</strong></span> <span class='ocrx_word' id='word_1_68' title='bbox 911 1333 1011 1413; x_wconf 89' lang='lat' dir='ltr'><strong>atque</strong></span> <span class='ocrx_word' id='word_1_69' title='bbox 1034 1331 1082 1393; x_wconf 93' lang='lat' dir='ltr'><strong>ita</strong></span> <span class='ocrx_word' id='word_1_70' title='bbox 1100 1347 1202 1395; x_wconf 89' lang='lat' dir='ltr'><strong>causa</strong></span> <span class='ocrx_word' id='word_1_71' title='bbox 1221 1329 1292 1395; x_wconf 86' lang='lat' dir='ltr'><strong>fere</strong></span> <span class='ocrx_word' id='word_1_72' title='bbox 1310 1330 1535 1416; x_wconf 84' lang='lat' dir='ltr'><strong>praejudicata</strong></span> 
     </span>
     <span class='ocr_line' id='line_1_10' title="bbox 252 1443 1535 1532; baseline 0.002 -23"><span class='ocrx_word' id='word_1_73' title='bbox 252 1464 324 1511; x_wconf 88' lang='lat' dir='ltr'><strong>eam</strong></span> <span class='ocrx_word' id='word_1_74' title='bbox 354 1463 462 1509; x_wconf 89' lang='lat' dir='ltr'><strong>rerum</strong></span> <span class='ocrx_word' id='word_1_75' title='bbox 492 1450 665 1531; x_wconf 82' lang='lat' dir='ltr'><strong>gestarum</strong></span> <span class='ocrx_word' id='word_1_76' title='bbox 702 1446 955 1532; x_wconf 84' lang='lat' dir='ltr'><strong>explicationem</strong></span> <span class='ocrx_word' id='word_1_77' title='bbox 987 1464 1047 1530; x_wconf 92' lang='lat' dir='ltr'><strong>pro</strong></span> <span class='ocrx_word' id='word_1_78' title='bbox 1085 1443 1294 1510; x_wconf 82' lang='lat' dir='ltr'><strong>fundamento</strong></span> <span class='ocrx_word' id='word_1_79' title='bbox 1330 1450 1535 1532; x_wconf 87' lang='lat' dir='ltr'><strong>quaestionis</strong></span> 
     </span>
     <span class='ocr_line' id='line_1_11' title="bbox 251 1558 1535 1648; baseline 0.003 -22"><span class='ocrx_word' id='word_1_80' title='bbox 251 1562 377 1648; x_wconf 90' lang='lat' dir='ltr'><strong>posuit,</strong></span> <span class='ocrx_word' id='word_1_81' title='bbox 404 1578 467 1645; x_wconf 89' lang='lat' dir='ltr'><strong>qua</strong></span> <span class='ocrx_word' id='word_1_82' title='bbox 494 1558 731 1627; x_wconf 78' lang='lat' dir='ltr'><strong>Ciceronianae</strong></span> <span class='ocrx_word' id='word_1_83' title='bbox 755 1561 912 1625; x_wconf 89' lang='lat' dir='ltr'><strong>orationis</strong></span> <span class='ocrx_word' id='word_1_84' title='bbox 942 1561 998 1625; x_wconf 87' lang='lat' dir='ltr'><strong>illo</strong></span> <span class='ocrx_word' id='word_1_85' title='bbox 1026 1560 1079 1624; x_wconf 93' lang='lat' dir='ltr'><strong>die</strong></span> <span class='ocrx_word' id='word_1_86' title='bbox 1103 1561 1236 1626; x_wconf 87' lang='lat' dir='ltr'><strong>habitae</strong></span> <span class='ocrx_word' id='word_1_87' title='bbox 1260 1564 1448 1629; x_wconf 89' lang='lat' dir='ltr'><strong>testimonia</strong></span> <span class='ocrx_word' id='word_1_88' title='bbox 1469 1584 1535 1630; x_wconf 93' lang='lat' dir='ltr'><strong>non</strong></span> 
     </span>
     <span class='ocr_line' id='line_1_12' title="bbox 252 1676 1534 1763; baseline 0.001 -22"><span class='ocrx_word' id='word_1_89' title='bbox 252 1682 389 1763; x_wconf 88' lang='lat' dir='ltr'><strong>possent</strong></span> <span class='ocrx_word' id='word_1_90' title='bbox 410 1696 477 1739; x_wconf 90' lang='lat' dir='ltr'><strong>non</strong></span> <span class='ocrx_word' id='word_1_91' title='bbox 498 1678 688 1761; x_wconf 89' lang='lat' dir='ltr'><strong>praeveniri</strong></span> <span class='ocrx_word' id='word_1_92' title='bbox 707 1682 805 1759; x_wconf 87' lang='lat' dir='ltr'><strong>atque</strong></span> <span class='ocrx_word' id='word_1_93' title='bbox 827 1678 1008 1761; x_wconf 90' lang='lat' dir='ltr'><strong>praeverti.</strong></span> <span class='ocrx_word' id='word_1_94' title='bbox 1059 1676 1133 1740; x_wconf 91' lang='lat' dir='ltr'><strong>Hac</strong></span> <span class='ocrx_word' id='word_1_95' title='bbox 1154 1679 1258 1763; x_wconf 82' lang='lat' dir='ltr'><strong>igitur</strong></span> <span class='ocrx_word' id='word_1_96' title='bbox 1282 1683 1354 1742; x_wconf 88' lang='lat' dir='ltr'><strong>arte</strong></span> <span class='ocrx_word' id='word_1_97' title='bbox 1375 1684 1410 1743; x_wconf 91' lang='lat' dir='ltr'><strong>et</strong></span> <span class='ocrx_word' id='word_1_98' title='bbox 1433 1678 1534 1744; x_wconf 91' lang='lat' dir='ltr'><strong>Cice-</strong></span> 
     </span>
     <span class='ocr_line' id='line_1_13' title="bbox 253 1790 1535 1881; baseline 0 -20"><span class='ocrx_word' id='word_1_99' title='bbox 253 1815 367 1864; x_wconf 91' lang='lat' dir='ltr'><strong>ronem</strong></span> <span class='ocrx_word' id='word_1_100' title='bbox 388 1794 523 1879; x_wconf 84' lang='lat' dir='ltr'><strong>ablegat</strong></span> <span class='ocrx_word' id='word_1_101' title='bbox 551 1798 584 1856; x_wconf 92' lang='lat' dir='ltr'><strong>et</strong></span> <span class='ocrx_word' id='word_1_102' title='bbox 606 1792 835 1881; x_wconf 80' lang='lat' dir='ltr'><strong>Plutarchum3</strong></span> <span class='ocrx_word' id='word_1_103' title='bbox 865 1790 1024 1877; x_wconf 90' lang='lat' dir='ltr'><strong>deinceps</strong></span> <span class='ocrx_word' id='word_1_104' title='bbox 1047 1794 1152 1857; x_wconf 90' lang='lat' dir='ltr'><strong>obiter</strong></span> <span class='ocrx_word' id='word_1_105' title='bbox 1178 1800 1211 1859; x_wconf 91' lang='lat' dir='ltr'><strong>et</strong></span> <span class='ocrx_word' id='word_1_106' title='bbox 1236 1794 1375 1859; x_wconf 90' lang='lat' dir='ltr'><strong>Dionem</strong></span> <span class='ocrx_word' id='word_1_107' title='bbox 1401 1800 1435 1859; x_wconf 90' lang='lat' dir='ltr'><strong>et</strong></span> <span class='ocrx_word' id='word_1_108' title='bbox 1459 1797 1535 1880; x_wconf 92' lang='lat' dir='ltr'><strong>Ap-</strong></span> 
     </span>
     <span class='ocr_line' id='line_1_14' title="bbox 252 1908 1534 2002; baseline -0.001 -23"><span class='ocrx_word' id='word_1_109' title='bbox 252 1915 403 2002; x_wconf 75' lang='lat' dir='ltr'><strong>pianum3</strong></span> <span class='ocrx_word' id='word_1_110' title='bbox 426 1912 480 1997; x_wconf 92' lang='lat' dir='ltr'><strong>qui</strong></span> <span class='ocrx_word' id='word_1_111' title='bbox 496 1915 605 1977; x_wconf 90' lang='lat' dir='ltr'><strong>tamen</strong></span> <span class='ocrx_word' id='word_1_112' title='bbox 620 1927 733 1974; x_wconf 88' lang='lat' dir='ltr'><strong>ornnes</strong></span> <span class='ocrx_word' id='word_1_113' title='bbox 752 1908 896 1974; x_wconf 90' lang='lat' dir='ltr'><strong>habitam</strong></span> <span class='ocrx_word' id='word_1_114' title='bbox 913 1926 934 1973; x_wconf 90' lang='lat' dir='ltr'><strong>a</strong></span> <span class='ocrx_word' id='word_1_115' title='bbox 956 1908 1104 1976; x_wconf 86' lang='lat' dir='ltr'><strong>Consule</strong></span> <span class='ocrx_word' id='word_1_116' title='bbox 1125 1915 1305 1980; x_wconf 90' lang='lat' dir='ltr'><strong>orationem</strong></span> <span class='ocrx_word' id='word_1_117' title='bbox 1319 1916 1400 1981; x_wconf 90' lang='lat' dir='ltr'><strong>satis</strong></span> <span class='ocrx_word' id='word_1_118' title='bbox 1417 1920 1534 2001; x_wconf 88' lang='lat' dir='ltr'><strong>aperte</strong></span> 
     </span>
     <span class='ocr_line' id='line_1_15' title="bbox 197 2032 1398 2123; baseline -0.002 -24"><span class='ocrx_word' id='word_1_119' title='bbox 197 2116 199 2121; x_wconf 23' lang='grc' dir='ltr'>Ι</span> <span class='ocrx_word' id='word_1_120' title='bbox 252 2032 402 2123; x_wconf 90' lang='lat' dir='ltr'><strong>produnt.</strong></span> <span class='ocrx_word' id='word_1_121' title='bbox 1395 2108 1398 2116; x_wconf 25' lang='grc'>1</span> 
     </span>
     <span class='ocr_line' id='line_1_16' title="bbox 334 2146 1534 2239; baseline -0.003 -25"><span class='ocrx_word' id='word_1_122' title='bbox 334 2149 485 2215; x_wconf 89' lang='lat' dir='ltr'><strong>Alterum</strong></span> <span class='ocrx_word' id='word_1_123' title='bbox 506 2148 591 2211; x_wconf 88' lang='lat' dir='ltr'><strong>enirn</strong></span> <span class='ocrx_word' id='word_1_124' title='bbox 614 2146 783 2211; x_wconf 80' lang='lat' dir='ltr'><strong>Ciceronis</strong></span> <span class='ocrx_word' id='word_1_125' title='bbox 805 2148 1025 2212; x_wconf 90' lang='lat' dir='ltr'><strong>testimonium</strong></span> <span class='ocrx_word' id='word_1_126' title='bbox 1037 2147 1101 2215; x_wconf 90' lang='lat' dir='ltr'><strong>hoc</strong></span> <span class='ocrx_word' id='word_1_127' title='bbox 1123 2155 1176 2213; x_wconf 91' lang='lat' dir='ltr'><strong>cst</strong></span> <span class='ocrx_word' id='word_1_128' title='bbox 1197 2149 1240 2214; x_wconf 86' lang='lat' dir='ltr'><strong>ad</strong></span> <span class='ocrx_word' id='word_1_129' title='bbox 1254 2151 1326 2214; x_wconf 83' lang='lat' dir='ltr'><strong>Att.</strong></span> <span class='ocrx_word' id='word_1_130' title='bbox 1341 2150 1481 2239; x_wconf 65' lang='lat' dir='ltr'><strong>illuct.</strong></span> <span class='ocrx_word' id='word_1_131' title='bbox 1499 2151 1534 2211; x_wconf 89' lang='lat'><strong>1:</strong></span> 
     </span>
     <span class='ocr_line' id='line_1_17' title="bbox 255 2246 1536 2354; baseline -0.002 -23"><span class='ocrx_word' id='word_1_132' title='bbox 255 2269 365 2354; x_wconf 82' lang='lat' dir='ltr'><strong>„Legi</strong></span> <span class='ocrx_word' id='word_1_133' title='bbox 386 2266 480 2327; x_wconf 88' lang='lat' dir='ltr'><strong>Bruti</strong></span> <span class='ocrx_word' id='word_1_134' title='bbox 502 2264 673 2348; x_wconf 86' lang='lat' dir='ltr'><strong>epistolam</strong></span> <span class='ocrx_word' id='word_1_135' title='bbox 696 2280 832 2346; x_wconf 89' lang='lat' dir='ltr'><strong>eamque</strong></span> <span class='ocrx_word' id='word_1_136' title='bbox 854 2263 912 2327; x_wconf 85' lang='lat' dir='ltr'><strong>tioi</strong></span> <span class='ocrx_word' id='word_1_137' title='bbox 932 2266 1060 2348; x_wconf 89' lang='lat' dir='ltr'><strong>remisi,</strong></span> <span class='ocrx_word' id='word_1_138' title='bbox 1086 2284 1168 2330; x_wconf 90' lang='lat' dir='ltr'><strong>sane</strong></span> <span class='ocrx_word' id='word_1_139' title='bbox 1189 2287 1256 2331; x_wconf 92' lang='lat' dir='ltr'><strong>non</strong></span> <span class='ocrx_word' id='word_1_140' title='bbox 1277 2266 1457 2351; x_wconf 92' lang='lat' dir='ltr'><strong>prudenter</strong></span> <span class='ocrx_word' id='word_1_141' title='bbox 1477 2246 1536 2328; x_wconf 84' lang='lat' dir='ltr'><strong>re-</strong></span> 
     </span>
     <span class='ocr_line' id='line_1_18' title="bbox 254 2377 1536 2469; baseline -0.004 -20"><span class='ocrx_word' id='word_1_142' title='bbox 254 2386 408 2469; x_wconf 84' lang='lat' dir='ltr'><strong>scriptam</strong></span> <span class='ocrx_word' id='word_1_143' title='bbox 430 2379 472 2443; x_wconf 89' lang='lat' dir='ltr'><strong>ad</strong></span> <span class='ocrx_word' id='word_1_144' title='bbox 494 2397 551 2463; x_wconf 89' lang='lat' dir='ltr'><strong>ea,</strong></span> <span class='ocrx_word' id='word_1_145' title='bbox 574 2397 645 2463; x_wconf 86' lang='lat' dir='ltr'><strong>quae</strong></span> <span class='ocrx_word' id='word_1_146' title='bbox 666 2378 876 2462; x_wconf 85' lang='lat' dir='ltr'><strong>requisieras.</strong></span> <span class='ocrx_word' id='word_1_147' title='bbox 918 2377 988 2444; x_wconf 80' lang='lat' dir='ltr'><strong>Sed</strong></span> <span class='ocrx_word' id='word_1_148' title='bbox 1002 2382 1074 2465; x_wconf 93' lang='lat' dir='ltr'><strong>ipse</strong></span> <span class='ocrx_word' id='word_1_149' title='bbox 1090 2379 1229 2444; x_wconf 85' lang='lat' dir='ltr'><strong>viderit:</strong></span> <span class='ocrx_word' id='word_1_150' title='bbox 1251 2399 1443 2467; x_wconf 86' lang='lat' dir='ltr'><strong>quamquam</strong></span> <span class='ocrx_word' id='word_1_151' title='bbox 1455 2382 1536 2446; x_wconf 91' lang='lat' dir='ltr'><strong>illud</strong></span> 
     </span>
    </p>
   </div>
   <div class='ocr_carea' id='block_1_3' title="bbox 254 2491 1632 2585">
    <p class='ocr_par' dir='ltr' id='par_1_3' title="bbox 254 2491 1632 2585">
     <span class='ocr_line' id='line_1_19' title="bbox 254 2491 1632 2585; baseline -0.006 -21"><span class='ocrx_word' id='word_1_152' title='bbox 254 2500 393 2585; x_wconf 86' lang='lat' dir='ltr'><strong>turpiter</strong></span> <span class='ocrx_word' id='word_1_153' title='bbox 424 2498 566 2583; x_wconf 83' lang='lat' dir='ltr'><strong>ignorat.</strong></span> <span class='ocrx_word' id='word_1_154' title='bbox 609 2491 770 2558; x_wconf 85' lang='lat' dir='ltr'><strong>Catonem</strong></span> <span class='ocrx_word' id='word_1_155' title='bbox 796 2496 933 2580; x_wconf 90' lang='lat' dir='ltr'><strong>primum</strong></span> <span class='ocrx_word' id='word_1_156' title='bbox 964 2498 1162 2560; x_wconf 88' lang='lat' dir='ltr'><strong>sententiam</strong></span> <span class='ocrx_word' id='word_1_157' title='bbox 1192 2501 1286 2581; x_wconf 89' lang='lat' dir='ltr'><strong>putat</strong></span> <span class='ocrx_word' id='word_1_158' title='bbox 1315 2497 1357 2561; x_wconf 91' lang='lat' dir='ltr'><strong>de</strong></span> <span class='ocrx_word' id='word_1_159' title='bbox 1386 2495 1538 2560; x_wconf 87' lang='lat' dir='ltr'><strong>animad-</strong></span> <span class='ocrx_word' id='word_1_160' title='bbox 1631 2533 1632 2556; x_wconf 55' lang='lat' dir='ltr'><strong>i</strong></span> 
     </span>
    </p>
   </div>
   <div class='ocr_carea' id='block_1_4' title="bbox 254 2604 1632 2819">
    <p class='ocr_par' dir='ltr' id='par_1_4' title="bbox 254 2604 1632 2819">
     <span class='ocr_line' id='line_1_20' title="bbox 254 2604 1632 2700; baseline -0.006 -19"><span class='ocrx_word' id='word_1_161' title='bbox 254 2604 409 2681; x_wconf 83' lang='lat' dir='ltr'><strong>versione</strong></span> <span class='ocrx_word' id='word_1_162' title='bbox 440 2612 568 2675; x_wconf 84' lang='lat' dir='ltr'><strong>dixisse</strong></span> <span class='ocrx_word' id='word_1_163' title='bbox 600 2628 717 2695; x_wconf 87' lang='lat' dir='ltr'><strong>quom</strong></span> <span class='ocrx_word' id='word_1_164' title='bbox 750 2630 891 2677; x_wconf 89' lang='lat' dir='ltr'><strong>omnes</strong></span> <span class='ocrx_word' id='word_1_165' title='bbox 920 2618 1021 2677; x_wconf 91' lang='lat' dir='ltr'><strong>ante</strong></span> <span class='ocrx_word' id='word_1_166' title='bbox 1041 2612 1243 2677; x_wconf 89' lang='lat' dir='ltr'><strong>dixerant</strong></span> <span class='ocrx_word' id='word_1_167' title='bbox 1262 2614 1422 2697; x_wconf 86' lang='lat' dir='ltr'><strong>praeter</strong></span> <span class='ocrx_word' id='word_1_168' title='bbox 1444 2609 1535 2674; x_wconf 88' lang='lat' dir='ltr'><strong>Cae·</strong></span> <span class='ocrx_word' id='word_1_169' title='bbox 1631 2639 1632 2700; x_wconf 71' lang='lat' dir='ltr'>j</span> 
     </span>
     <span class='ocr_line' id='line_1_21' title="bbox 255 2717 1632 2819; baseline -0.003 -21"><span class='ocrx_word' id='word_1_170' title='bbox 255 2749 406 2819; x_wconf 66' lang='lat' dir='ltr'><strong>sarernq</strong></span> <span class='ocrx_word' id='word_1_171' title='bbox 438 2732 472 2793; x_wconf 93' lang='lat' dir='ltr'><strong>et</strong></span> <span class='ocrx_word' id='word_1_172' title='bbox 494 2748 589 2819; x_wconf 88' lang='lat' dir='ltr'><strong>quum</strong></span> <span class='ocrx_word' id='word_1_173' title='bbox 609 2728 714 2811; x_wconf 90' lang='lat' dir='ltr'><strong>ipsius</strong></span> <span class='ocrx_word' id='word_1_174' title='bbox 736 2724 881 2789; x_wconf 85' lang='lat' dir='ltr'><strong>Caesaris</strong></span> <span class='ocrx_word' id='word_1_175' title='bbox 903 2731 970 2790; x_wconf 90' lang='lat' dir='ltr'><strong>tam</strong></span> <span class='ocrx_word' id='word_1_176' title='bbox 990 2746 1112 2793; x_wconf 87' lang='lat' dir='ltr'><strong>severa</strong></span> <span class='ocrx_word' id='word_1_177' title='bbox 1132 2726 1250 2810; x_wconf 83' lang='lat' dir='ltr'><strong>suerit,</strong></span> <span class='ocrx_word' id='word_1_178' title='bbox 1281 2728 1334 2811; x_wconf 87' lang='lat' dir='ltr'><strong>qui</strong></span> <span class='ocrx_word' id='word_1_179' title='bbox 1355 2731 1534 2811; x_wconf 86' lang='lat' dir='ltr'><strong>tum&#39;prac-</strong></span> <span class='ocrx_word' id='word_1_180' title='bbox 1631 2717 1632 2794; x_wconf 68' lang='lat' dir='ltr'><strong>l</strong></span> 
     </span>
    </p>
   </div>
   <div class='ocr_carea' id='block_1_5' title="bbox 253 2839 1632 2927">
    <p class='ocr_par' dir='ltr' id='par_1_5' title="bbox 253 2839 1632 2927">
     <span class='ocr_line' id='line_1_22' title="bbox 253 2839 1632 2927; baseline -0.007 -14"><span class='ocrx_word' id='word_1_181' title='bbox 253 2848 337 2915; x_wconf 89' lang='lat' dir='ltr'><strong>torio</strong></span> <span class='ocrx_word' id='word_1_182' title='bbox 357 2847 430 2912; x_wconf 93' lang='lat' dir='ltr'><strong>loco</strong></span> <span class='ocrx_word' id='word_1_183' title='bbox 451 2844 593 2926; x_wconf 82' lang='lat' dir='ltr'><strong>dixerit,</strong></span> <span class='ocrx_word' id='word_1_184' title='bbox 625 2840 844 2907; x_wconf 88' lang='lat' dir='ltr'><strong>consularium</strong></span> <span class='ocrx_word' id='word_1_185' title='bbox 871 2847 964 2927; x_wconf 90' lang='lat' dir='ltr'><strong>putat</strong></span> <span class='ocrx_word' id='word_1_186' title='bbox 989 2843 1133 2906; x_wconf 91' lang='lat' dir='ltr'><strong>leniores</strong></span> <span class='ocrx_word' id='word_1_187' title='bbox 1154 2840 1275 2923; x_wconf 88' lang='lat' dir='ltr'><strong>inisse,</strong></span> <span class='ocrx_word' id='word_1_188' title='bbox 1296 2841 1425 2925; x_wconf 91' lang='lat' dir='ltr'><strong>Catuli,</strong></span> <span class='ocrx_word' id='word_1_189' title='bbox 1447 2840 1535 2908; x_wconf 86' lang='lat' dir='ltr'><strong>Ser·</strong></span> <span class='ocrx_word' id='word_1_190' title='bbox 1631 2839 1632 2880; x_wconf 50' lang='grc' dir='ltr'><strong>Τ</strong></span> 
     </span>
    </p>
   </div>
   <div class='ocr_carea' id='block_1_6' title="bbox 252 2955 1632 3757">
    <p class='ocr_par' dir='ltr' id='par_1_6' title="bbox 252 2955 1632 3757">
     <span class='ocr_line' id='line_1_23' title="bbox 255 2955 1534 3048; baseline -0.006 -18"><span class='ocrx_word' id='word_1_191' title='bbox 255 2964 348 3048; x_wconf 90' lang='lat' dir='ltr'><strong>vilii,</strong></span> <span class='ocrx_word' id='word_1_192' title='bbox 381 2960 609 3042; x_wconf 85' lang='lat' dir='ltr'><strong>Lucullorum,</strong></span> <span class='ocrx_word' id='word_1_193' title='bbox 645 2955 818 3039; x_wconf 89' lang='lat' dir='ltr'><strong>Curionis,</strong></span> <span class='ocrx_word' id='word_1_194' title='bbox 854 2957 1030 3040; x_wconf 81' lang='lat' dir='ltr'><strong>Torquati,</strong></span> <span class='ocrx_word' id='word_1_195' title='bbox 1064 2955 1199 3041; x_wconf 90' lang='lat' dir='ltr'><strong>Lepidi,</strong></span> <span class='ocrx_word' id='word_1_196' title='bbox 1232 2955 1352 3043; x_wconf 84' lang='lat' dir='ltr'><strong>Gellii,</strong></span> <span class='ocrx_word' id='word_1_197' title='bbox 1380 2957 1534 3040; x_wconf 88' lang='lat' dir='ltr'><strong>Volcatii,</strong></span> 
     </span>
     <span class='ocr_line' id='line_1_24' title="bbox 253 3070 1534 3170; baseline -0.009 -23"><span class='ocrx_word' id='word_1_198' title='bbox 253 3080 382 3169; x_wconf 80' lang='lat' dir='ltr'><strong>Figuli,</strong></span> <span class='ocrx_word' id='word_1_199' title='bbox 405 3076 528 3160; x_wconf 86' lang='lat' dir='ltr'><strong>Cottae,</strong></span> <span class='ocrx_word' id='word_1_200' title='bbox 550 3074 590 3144; x_wconf 84' lang='lat' dir='ltr'><strong>L.</strong></span> <span class='ocrx_word' id='word_1_201' title='bbox 605 3073 771 3157; x_wconf 87' lang='lat' dir='ltr'><strong>Caesaris,</strong></span> <span class='ocrx_word' id='word_1_202' title='bbox 784 3072 831 3137; x_wconf 89' lang='lat' dir='ltr'><strong>C.</strong></span> <span class='ocrx_word' id='word_1_203' title='bbox 844 3071 998 3151; x_wconf 90' lang='lat' dir='ltr'><strong>Pisonis,</strong></span> <span class='ocrx_word' id='word_1_204' title='bbox 1019 3073 1121 3153; x_wconf 85' lang='lat' dir='ltr'><strong>etiam</strong></span> <span class='ocrx_word' id='word_1_205' title='bbox 1130 3070 1177 3140; x_wconf 90' lang='grc' dir='ltr'><strong>Μ.</strong></span> <span class='ocrx_word' id='word_1_206' title='bbox 1190 3071 1393 3170; x_wconf 75' lang='lat' dir='ltr'><strong>GlalrioniS,</strong></span> <span class='ocrx_word' id='word_1_207' title='bbox 1415 3072 1534 3155; x_wconf 85' lang='lat' dir='ltr'><strong>Silani,</strong></span> 
     </span>
     <span class='ocr_line' id='line_1_25' title="bbox 252 3186 1535 3277; baseline -0.008 -14"><span class='ocrx_word' id='word_1_208' title='bbox 252 3198 428 3277; x_wconf 81' lang='lat' dir='ltr'><strong>Mmoenae,</strong></span> <span class='ocrx_word' id='word_1_209' title='bbox 463 3192 711 3276; x_wconf 84' lang='lat' dir='ltr'><strong>designatorum</strong></span> <span class='ocrx_word' id='word_1_210' title='bbox 732 3190 909 3256; x_wconf 89' lang='lat' dir='ltr'><strong>consulum.</strong></span> <span class='ocrx_word' id='word_1_211' title='bbox 953 3186 1036 3253; x_wconf 94' lang='lat' dir='ltr'><strong>Cur</strong></span> <span class='ocrx_word' id='word_1_212' title='bbox 1064 3206 1172 3277; x_wconf 78' lang='lat' dir='ltr'><strong>ergo</strong></span> <span class='ocrx_word' id='word_1_213' title='bbox 1202 3190 1244 3253; x_wconf 92' lang='lat' dir='ltr'><strong>in</strong></span> <span class='ocrx_word' id='word_1_214' title='bbox 1272 3192 1535 3262; x_wconf 88' lang='lat' dir='ltr'><strong>sententiam</strong></span> 
     </span>
     <span class='ocr_line' id='line_1_26' title="bbox 254 3298 1632 3395; baseline -0.008 -14"><span class='ocrx_word' id='word_1_215' title='bbox 254 3298 465 3381; x_wconf 63' lang='lat' dir='ltr'><strong>Catonis?</strong></span> <span class='ocrx_word' id='word_1_216' title='bbox 521 3304 629 3385; x_wconf 81' lang='lat' dir='ltr'><strong>Quia</strong></span> <span class='ocrx_word' id='word_1_217' title='bbox 664 3309 820 3372; x_wconf 82' lang='lat' dir='ltr'><strong>verbis</strong></span> <span class='ocrx_word' id='word_1_218' title='bbox 851 3306 1227 3373; x_wconf 86' lang='lat' dir='ltr'><strong>luculentioribus</strong></span> <span class='ocrx_word' id='word_1_219' title='bbox 1259 3315 1304 3374; x_wconf 90' lang='lat' dir='ltr'><strong>et</strong></span> <span class='ocrx_word' id='word_1_220' title='bbox 1334 3308 1534 3395; x_wconf 86' lang='lat' dir='ltr'><strong>pluribus</strong></span> <span class='ocrx_word' id='word_1_221' title='bbox 1631 3303 1632 3308; x_wconf 69' lang='grc'>’</span> 
     </span>
     <span class='ocr_line' id='line_1_27' title="bbox 253 3423 1534 3509; baseline -0.005 -14"><span class='ocrx_word' id='word_1_222' title='bbox 253 3448 341 3495; x_wconf 86' lang='lat' dir='ltr'><strong>rem</strong></span> <span class='ocrx_word' id='word_1_223' title='bbox 368 3424 544 3494; x_wconf 87' lang='lat' dir='ltr'><strong>eandem</strong></span> <span class='ocrx_word' id='word_1_224' title='bbox 576 3424 971 3508; x_wconf 82' lang='lat' dir='ltr'><strong>comprehenderat.</strong></span> <span class='ocrx_word' id='word_1_225' title='bbox 1011 3425 1068 3491; x_wconf 87' lang='lat' dir='ltr'><strong>Mc</strong></span> <span class='ocrx_word' id='word_1_226' title='bbox 1089 3431 1198 3492; x_wconf 87' lang='lat' dir='ltr'><strong>autem</strong></span> <span class='ocrx_word' id='word_1_227' title='bbox 1217 3426 1349 3507; x_wconf 88' lang='lat' dir='ltr'><strong>laudat,</strong></span> <span class='ocrx_word' id='word_1_228' title='bbox 1371 3423 1455 3509; x_wconf 86' lang='lat' dir='ltr'><strong>quod</strong></span> <span class='ocrx_word' id='word_1_229' title='bbox 1475 3440 1534 3489; x_wconf 85' lang='lat' dir='ltr'><strong>re-</strong></span> 
     </span>
     <span class='ocr_line' id='line_1_28' title="bbox 254 3535 1632 3631; baseline -0.007 -19"><span class='ocrx_word' id='word_1_230' title='bbox 254 3546 401 3624; x_wconf 89' lang='lat' dir='ltr'><strong>tulerim,</strong></span> <span class='ocrx_word' id='word_1_231' title='bbox 421 3537 915 3631; x_wconf 82' lang='lat' dir='ltr'><strong>nonquodpatefeecrim,</strong></span> <span class='ocrx_word' id='word_1_232' title='bbox 937 3541 1305 3624; x_wconf 87' lang='lat' dir='ltr'><strong>quodcohortatus</strong></span> <span class='ocrx_word' id='word_1_233' title='bbox 1320 3542 1408 3624; x_wconf 87' lang='lat' dir='ltr'><strong>sim,</strong></span> <span class='ocrx_word' id='word_1_234' title='bbox 1430 3539 1534 3625; x_wconf 89' lang='lat' dir='ltr'><strong>quod</strong></span> <span class='ocrx_word' id='word_1_235' title='bbox 1631 3535 1632 3546; x_wconf 75' lang='grc'>’</span> 
     </span>
     <span class='ocr_line' id='line_1_29' title="bbox 255 3648 1632 3757; baseline -0.004 -30"><span class='ocrx_word' id='word_1_236' title='bbox 255 3648 433 3746; x_wconf 85' lang='lat' dir='ltr'><strong>denique</strong></span> <span class='ocrx_word' id='word_1_237' title='bbox 454 3660 674 3742; x_wconf 87' lang='lat' dir='ltr'><strong>antequam</strong></span> <span class='ocrx_word' id='word_1_238' title='bbox 693 3655 967 3720; x_wconf 85' lang='lat' dir='ltr'><strong>consulerem</strong></span> <span class='ocrx_word' id='word_1_239' title='bbox 997 3657 1088 3741; x_wconf 92' lang='lat' dir='ltr'><strong>ipse</strong></span> <span class='ocrx_word' id='word_1_240' title='bbox 1114 3655 1406 3757; x_wconf 80' lang='lat' dir='ltr'><strong>judicaverim.</strong></span> <span class='ocrx_word' id='word_1_241' title='bbox 1450 3654 1533 3737; x_wconf 80' lang='lat' dir='ltr'><strong>Quae</strong></span> <span class='ocrx_word' id='word_1_242' title='bbox 1631 3659 1632 3664; x_wconf 77' lang='grc'>’</span> 
     </span>
    </p>
   </div>
   <div class='ocr_carea' id='block_1_7' title="bbox 0 0 1661 4564">
    <p class='ocr_par' dir='ltr' id='par_1_7' title="bbox 0 0 1661 4564">
     <span class='ocr_line' id='line_1_30' title="bbox 0 0 1661 4564; baseline 0 0"><span class='ocrx_word' id='word_1_243' title='bbox 0 0 1661 4564; x_wconf 95' lang='lat' dir='ltr'><strong> </strong></span> 
     </span>
    </p>
   </div>
  </div>
 </body>
</html>
