3309 4567
629 335 872 409 ..19-

112 532 290 614 nonlicet,
313 531 343 595 si
365 520 493 615 quidem
514 530 657 598 auctoris
675 528 985 616 luerunt‘ejusdem.
1016 531 1076 594 nt
1107 537 1228 614 quanto
1255 534 1389 620 propius

112 644 313 710 accedebant
334 646 501 711 orationes
520 644 688 732 subditae,
708 651 799 713 tanto
821 648 927 713 minus
945 646 1079 732 probari
1099 649 1289 731 aequalibus
1313 654 1389 736 pot-

114 766 228 843 erant,
259 761 378 848 quippe
401 762 455 847 qui
476 778 532 826 res
552 766 766 848 gestassive
788 782 833 829 ex
854 762 1030 829 Ciceronis*
1046 767 1080 828 et
1100 764 1203 828 Attici
1223 783 1388 837 commen-

111 877 204 941 tariis
233 878 306 941 sive
337 876 422 941 lama
447 881 545 962 atque
573 877 735 945 hominum
756 881 962 957 sermonibus
983 882 1067 946 satis
1087 883 1239 946 accurate
1260 899 1389 967 cogno-

112 997 248 1075 verant,
267 1001 301 1057 et
322 993 398 1078 quid
419 1010 549 1076 verum,
572 994 785 1078 quodfalsum
807 1001 919 1082 esset,
945 998 1034 1061 scite
1056 996 1283 1081 dijudicabant.
1326 994 1389 1063 Sin

111 1116 220 1175 autem
241 1109 377 1174 aberant
398 1128 494 1196 quam
515 1110 726 1197 longissime,
758 1112 939 1177 verisimile
960 1132 1098 1197 prorsus
1128 1133 1194 1180 uon
1215 1118 1287 1198 est,
1316 1115 1389 1199 epi·
1498 1176 1502 1189 ,

111 1226 215 1291 stolas
236 1225 407 1293 Ciceronis
428 1227 567 1291 omnium
587 1244 649 1312 per
670 1245 786 1299 manus
800 1220 999 1314 ¹divulgatos
1020 1229 1075 1293 vel
1087 1248 1221 1295 summa
1241 1236 1313 1295 arte
1328 1230 1401 1294 ade

111 1343 246 1407 ulterari
267 1345 427 1427 potuisse.
469 1343 542 1405 Hoc
572 1342 701 1423 quidem
721 1344 794 1424 ipse
816 1343 1166 1409 vtuitxnttlttulutts
1200 1342 1256 1430 [p.
1281 1341 1391 1435 rsa),
1510 1354 1514 1366 ’

111 1476 218 1543 noque
239 1456 351 1521 habuit
372 1475 434 1541 quo
456 1455 661 1541 confugeret.
695 1451 766 1519 Sed
788 1474 884 1539 quum
904 1456 951 1519 ita
971 1454 1054 1520 haec
1074 1458 1161 1521 inter
1181 1476 1394 1527 secounexa

112 1580 146 1639 et
167 1573 331 1659 implicata
353 1590 431 1637 esse
451 1570 684 1655 intellexisset,
706 1576 741 1635 ut
762 1576 796 1635 et
818 1572 983 1637 orationes
1005 1571 1213 1662 addubitatae
1231 1583 1266 1640 et
1285 1580 1391 1663 parti*

112 1692 185 1755 cula
213 1690 269 1754 illa
297 1689 458 1775 epistolae
487 1705 552 1752 una
582 1692 688 1769 stent,
716 1705 782 1752 uua
811 1687 1090 1773 cadant,·maluit
1111 1692 1148 1753 in
1180 1690 1392 1760 AHRENSI

112 1814 226 1874 contra
245 1807 303 1871 IV.
326 1806 507 1871 orationem
540 1809 574 1868 et
602 1804 670 1869 suis
697 1802 860 1869 adversus
888 1802 1071 1890 Epistolam
1100 1810 1305 1889 argumentis
1333 1827 1392 1874 ac·

112 1928 294 2009 quiescere.
336 1920 499 2007 uquruem
520 1896 619 2003 vero,
650 1921 728 1989 ucat
748 1920 790 1985 au
810 1919 889 1984 ruuu
910 1915 1061 1985 memma
1080 1921 1392 1990 nuuumnnuu

111 2056 295 2126 provocare
316 2037 456 2122 possim,
488 2040 611 2099 tantum
637 2034 766 2119 absum,
797 2040 833 2099 ut
855 2034 906 2099 his
927 2036 1134 2101 Marklandis
1155 2038 1392 2107 etTunstallis

111 2175 217 2221 meam
238 2154 435 2219 senteutiam
462 2150 693 2237 comprobasse
722 2149 798 2215 mihi
827 2149 963 2233 videar,
995 2156 1031 2215 nt
1056 2154 1124 2235 jam
1154 2152 1243 2220 mihi,
1260 2173 1392 2221 causam

112 2293 133 2337 a
154 2273 261 2357 capite
282 2268 494 2356 repetendam
515 2286 592 2333 esse
614 2267 737 2332 ducam.
1144 2284 1148 2289 ⁴

173 2389 295 2451 Restat
317 2386 421 2468 enim,
453 2390 488 2449 ut
515 2386 644 2448 tertiam
664 2383 838 2449 AURELI
859 2388 1058 2454 sententiam
1078 2386 1234 2471 refutem,
1265 2370 1396 2474 inqua

112 2500 277 2571 consentit
297 2520 369 2567 cum
388 2497 652 2587 annulasti),
681 2500 740 2566 sed
758 2502 891 2583 mirum,
923 2503 970 2565 ita
990 2504 1220 2588 consentiunt,
1248 2509 1285 2568 ut
1311 2506 1392 2569 sub-

111 2624 177 2687 lato
199 2622 303 2704 alter,
332 2618 428 2683 alter·
443 2618 579 2702 integro
598 2615 768 2682 Ciceronis
794 2617 1001 2702 testimonio,
1028 2622 1200 2703 postquam
1219 2619 1249 2681 is
1268 2637 1393 2705 rogare

112 2739 147 2799 in
167 2740 285 2800 senatu
306 2728 491 2799 sententias
511 2731 711 2815 incepisset,
732 2732 853 2797 nullam
873 2732 931 2798 illo
954 2733 1008 2798 die
1029 2732 1171 2798 habitem
1191 2732 1232 2798 ab
1254 2750 1394 2804 coesse

114 2850 295 2915 orationem
315 2848 503 2913 defendant.
546 2844 640 2928 Quod
660 2846 706 2910 ita
730 2845 939 2911 ferentilli.
962 2842 1019 2931 [p.
1039 2851 1082 2910 58
1096 2882 1138 2893 -
1151 2846 1228 2935 71.)
1250 2852 1393 2921 evicisse

114 2966 176 3031 sibi
196 2964 335 3030 videtur.
378 2963 483 3046 Quum
505 2965 592 3029 enim
613 2961 793 3030 Ciceroad
815 2962 886 3027 Att.
907 2961 961 3046 Π,
985 2965 1013 3026 1.
1042 2969 1326 3033 uuamtautuma
1354 2987 1393 3033 se

113 3080 256 3145 habitam
276 3078 364 3143 Non.
388 3078 470 3142 Dec.
493 3078 617 3143 reserat
638 3079 834 3162 orationem,
855 3076 929 3141 aliis
950 3077 1031 3144 loeis
1052 3079 1119 3169 (ad
1139 3082 1212 3149 Att.
1234 3083 1320 3167 XII,
1340 3086 1392 3148 21.

114 3200 148 3262 in
169 3195 238 3281 Pis.
261 3198 298 3275 7,
319 3186 374 3281 4.]
406 3190 535 3257 nonnisi
556 3192 726 3257 relationis
747 3192 945 3258 mentionem
965 3193 1081 3281 iaciat,
1096 3199 1166 3282 jam
1186 3200 1259 3265 luce
1273 3198 1393 3263 clarius

115 3332 192 3379 esse
214 3311 411 3394 existumat,
448 3306 532 3374 hauc
552 3309 863 3410 relationemunam
881 3289 1168 3399 eandemquedioi
1188 3319 1284 3395 atque
1304 3312 1394 3378 illam

116 3432 303 3495 orationem.
346 3425 430 3489 Tum
452 3442 534 3492 vero
557 3420 630 3515 (sia
653 3428 726 3509 ejus
746 3423 895 3511 procedit
915 3429 1175 3515 argumentatio,
1205 3447 1260 3513 pp.
1289 3430 1393 3493 71-

115 3542 180 3633 ⁷7]
201 3544 350 3629 quoniam
370 3541 485 3607 relatio
508 3550 574 3607 non
594 3542 638 3606 sit
659 3544 781 3627 oratio,
813 3560 920 3632 neque
947 3542 1102 3610 Consulis
1127 3539 1226 3607 fuerit
1255 3543 1393 3623 alteram
1435 3556 1438 3559 ’

115 3660 306 3738 relationem
333 3657 455 3727 inferre
483 3658 657 3727 sententiis
685 3660 742 3727 vel
762 3659 974 3747 interpellare
1001 3656 1273 3727 consultationem
1300 3676 1392 3729 suem
