3309 4567
615 306 856 384 ..11...

103 500 198 567 modo
213 499 398 582 nominavi,
417 516 483 565 non
499 497 603 569 solum
619 500 739 585 spurios
762 498 824 567 sed
838 497 960 565 inlitis
973 501 1067 581 sunt,
1086 499 1248 569 eiCicero
1258 500 1372 588 piures

103 634 168 681 unu
187 617 223 681 in
244 613 418 681 commum
439 612 689 695 cretionesnun
710 614 802 681 dixit.
842 615 897 681 liu
915 610 1170 701 Aulium&
1190 620 1225 682 et
1243 615 1278 685 id
1297 616 1372 705 qui·

103 731 177 801 dem
196 732 304 803 acute·
345 729 431 799 Num
462 731 513 817 „si
541 729 656 813 iidem,
686 732 807 817 inquii,
836 730 1005 806 tribuimus
1034 728 1218 799 testimonio
1251 732 1300 805 illi
1328 734 1373 802 mi

102 846 265 928 Atticum,
286 850 343 911 uui
363 865 476 913 omnes
497 852 633 933 quotuor
652 849 716 933 ipsi
736 847 889 915 Ciceroni
907 843 1088 916 tribuenda
1107 846 1207 929 sunt,
1225 851 1300 931 eut,
1319 850 1374 931 qui

102 968 174 1028 tres
195 960 426 1046 circinnium,
455 980 496 1029 eo
517 962 698 1050 confugere
718 961 856 1029 iubebit·
869 978 1031 1042 necesse,
1060 964 1097 1026 ui
1115 977 1176 1029 eus
1196 977 1270 1047 quoe
1289 978 1374 1027 nunc

103 1080 240 1145 exstant
256 1075 420 1147 orhetore
434 1078 598 1149 conlectos
613 1096 701 1159 esse,
722 1094 823 1143 verus
831 1077 987 1149 interisse
997 1075 1112 1146 ‹ucau’
1153 1075 1376 1147 Hocolterum

102 1192 176 1258 lieri
194 1193 341 1277 poluisse
368 1210 411 1259 eo
430 1197 544 1277 eicie,
575 1211 639 1279 quo
666 1212 737 1258 oum
764 1194 905 1270 maxime
934 1193 1090 1265 florerent
1114 1194 1221 1268 llere
1252 1193 1376 1275 lulium,

102 1312 190 1374 totus
210 1312 325 1394 negot.
368 1306 454 1389 Quid
473 1328 555 1377 vero
578 1300 724 1375 Cicerei
764 1308 896 1375 Nodum
915 1307 1000 1384 hunc
1020 1308 1081 1377 Vir
1101 1308 1309 1380 doctissimus
1328 1310 1377 1374 iio

100 1423 275 1507 dissecuit,
292 1426 341 1487 ut
363 1419 555 1491 Ciceronem
583 1422 618 1485 in
647 1438 708 1485 suo
734 1421 841 1505 ipsum
868 1437 971 1491 muso
999 1442 1136 1508 prorsus
1155 1423 1376 1491 intestabilem

99 1538 234 1622 fecerit,
254 1542 290 1603 ei
309 1537 415 1603 iocum
435 1554 536 1621 supra
556 1535 754 1621 descriptum
775 1551 903 1604 omnem
922 1534 1116 1603 incolentem
1128 1554 1207 1603 esse
1219 1536 1376 1607 declaret.

98 1654 139 1721 Iu
160 1670 222 1739 quo
244 1653 308 1716 irio
328 1656 421 1737 suni,
443 1670 516 1737 quse
536 1653 676 1717 aninum
695 1646 875 1736 advertas,-
897 1668 971 1735 quie
985 1668 1056 1737 ego
1075 1650 1213 1721 subinde
1230 1652 1375 1741 diligen·

99 1770 166 1838 tius
187 1766 391 1834 examinabo.
432 1766 520 1833 Num
538 1767 676 1852 primum
696 1772 800 1853 negot
821 1766 993 1835 Ciceronis
1021 1783 1099 1833 esse
1125 1766 1204 1833 iilud
1225 1769 1375 1839 testimo.-

99 1886 206 1952 nium:
240 1882 360 1949 deinde
389 1882 619 1968 interpolatam
648 1882 787 1950 affirmet
817 1881 989 1949 Ciceronis
1020 1882 1193 1968 epistolem
1226 1884 1279 1950 ob,
1301 1886 1383 1971 ipsc

99 2001 212 2069 neseio
232 2017 297 2084 qno
316 1997 472 2068 fulsurum
492 2000 672 2067 orationum
692 1996 844 2083 auctore,
874 2016 937 2083 quo
964 1998 1073 2084 magis
1093 1996 1147 2063 hic
1165 1998 1247 2065 fetui
1265 2000 1375 2084 inqui-

99 2115 167 2181 lino
188 2113 285 2187 fldem
304 2114 391 2199 opud
411 2114 555 2199 equales
576 2133 655 2182 suos
674 2112 815 2202 socerei3
837 2117 990 2201 qnuumm
1003 2113 1144 2199 denique
1159 2115 1202 2197 od
1215 2120 1375 2202 quodem,

100 2229 143 2295 rie
165 2246 229 2313 que
250 2246 358 2299 sermo
378 2228 431 2297 iio
452 2230 524 2296 solu
544 2228 616 2314 fiet,
637 2234 741 2317 negot
760 2230 816 2295 ilio
838 2228 893 2295 die
913 2228 1056 2299 hobitum
1075 2248 1097 2296 s
1116 2228 1281 2316 Cicerone.
1298 2249 1376 2299 esse

100 2345 283 2431 hujusmodi
303 2346 493 2415 oraticnem.
535 2346 744 2431 ,Argumenta
764 2349 873 2412 nutem
892 2347 1006 2432 prime
1026 2348 1201 2415 sententie
1221 2346 1292 2414 lere
1305 2347 1377 2415 hec
1443 2427 1447 2432 p
1572 2339 1576 2345 “

101 2466 187 2527 suni.
231 2458 386 2544 [ieiunum
407 2478 517 2548 opere
536 2461 677 2547 pretium
698 2467 752 2531 est
771 2462 880 2548 ipsum
899 2462 1031 2552 cnime3
1052 2463 1101 2529 sic
1121 2464 1208 2535 enini
1225 2462 1288 2531 Vir
1303 2463 1375 2531 (lei.

100 2581 246 2667 ingenue
266 2576 410 2649 scietur:
452 2576 566 2661 „Vere
586 2580 695 2645 uniern
715 2576 825 2641 dicere
845 2595 999 2661 possum,
1018 2596 1071 2645 mc
1090 2581 1378 2664 enjumtemporo‚

102 2712 163 2781 quo
184 2692 326 2763 nondum
346 2692 430 2766 sutis
449 2696 625 2777 perspecto
641 2696 710 2761 ioio
724 2693 823 2761 trium
833 2690 1095 2762 summariorum
1107 2690 1236 2762 dicendi
1246 2709 1377 2778 genere

102 2808 262 2875 Wollium
281 2813 405 2877 ionium
426 2807 523 2877 animi
550 2823 669 2890 cause,
699 2808 756 2875 vel
787 2812 823 2875 ut
840 2808 995 2887 ¹credulis
1022 2807 1189 2893 discipulis
1213 2808 1378 2896 illuderet,

102 2923 160 2989 vel
181 2929 217 2989 ui
236 2926 331 2993 unius
352 2924 534 2997 alteriusve
549 2924 773 3012 ‚sagacitatem
792 2923 1048 3009 periclitaretur,
1076 2923 1218 2994 alierum
1241 2944 1285 2997 ox
1305 2946 1377 2995 me-

101 3039 166 3141 diis
180 3039 306 3111 duobus
317 3041 351 3105 im
360 3060 476 3125 causing
495 3042 716 3128 suspicionem
730 3037 912 3105 adduxisse
925 3036 1022 3103 rebor
1036 3039 1084 3124 ³),
1103 3042 1375 3129 sepiusiroesisse

133 3311 160 3372 θ)
174 3314 290 3364 Dixerat
300 3316 372 3363 enim
380 3314 433 3363 Vir
444 3312 503 3364 cel.
514 3314 572 3365 alio
584 3314 666 3375 ioco,
684 3314 729 3364 ubi
741 3312 888 3363 Wolienoe
897 3315 1067 3375 suspicionis
1078 3318 1242 3369 mentionem
1256 3317 1373 3367 emerui:

185 3404 346 3469 ,primiore
365 3406 456 3455 virum
481 3414 613 3454 summum
640 3405 679 3453 itu
698 3400 792 3466 jocari
810 3401 985 3455 veliementer
1007 3405 1119 3457 intrim
1137 3400 1224 3453 smn’'
1255 3404 1374 3457 Woliius

184 3497 289 3557 nmen,
306 3495 331 3543 si
350 3495 415 3543 riis·
433 3490 494 3557 eius
512 3494 644 3556 scriptori
663 3473 774 3557 credas,
798 3495 897 3555 posteo
920 3494 1028 3545 mudum
1045 3495 1148 3543 diserte
1157 3493 1279 3558 notorii,
1295 3508 1374 3559 quoru

184 3586 305 3645 spuriam
331 3585 456 3651 helmet,
484 3588 517 3635 rie
540 3592 593 3649 qus
618 3587 718 3647 impius
741 3587 769 3634 in
788 3586 860 3635 hunc
879 3586 989 3636 molum
1009 3583 1147 3634 iobulutns
1170 3595 1233 3633 esse
1259 3587 1373 3651 ninom,

185 3677 280 3739 „Nouii
299 3690 333 3728 cn
352 3679 428 3729 einer
443 3677 519 3729 iilic
533 3678 581 3727 ioh
601 3680 645 3729 oie
657 3676 818 3727 Unicuiieii
833 3679 933 3739 seiger
947 3674 1060 3737 mogen3
1084 3673 1225 3725 vielleiolrt
1236 3675 1304 3727 huie
1320 3677 1374 3743 ici,
