3309 4567
828 508 981 579 'lh'

306 714 321 791 s
353 697 428 770 ''At
454 700 669 787 hane‘ipsam
700 700 869 769 tonnulam
897 704 933 767 in
960 701 1082 787 quarta
1108 696 1275 766 desiderat
1301 696 1524 789 repetendam.

278 796 447 876 Proto-ea
468 808 626 897 Neronis,
660 805 799 898 Cethegi
821 810 1017 896 sententias,
1049 826 1146 893 quum
1166 812 1276 874 orator
1296 805 1335 873 la
1358 801 1524 873 (iasonem

280 916 508 1002 appellaverit,
529 918 676 1000 requirit.
713 914 799 997 Quid
820 932 901 981 vero
919 910 1180 982 sucessorem
1190 909 1329 1002 Cethegi
1349 916 1525 999 sententia,

278 1040 373 1107 quam
392 1020 434 1087 de
447 1020 551 1087 fratre
562 1040 601 1085 eo
615 1024 687 1105 ipso
701 1019 753 1085 die
771 1020 934 1087 laturus
953 1011 1065 1085 erat?
1087 1018 1184 1108 Quid,
1196 1017 1282 1104 quod
1292 1018 1381 1085 Nero
1391 1022 1524 1084 nonnisi

280 1126 440 1193 debehato
455 1124 597 1194 Catilina
616 1124 822 1195 referendum
843 1128 1024 1212 censuerat,
1045 1142 1109 1209 quo
1128 1120 1273 1213 Consuli,
1293 1127 1349 1209 qui
1369 1127 1524 1191 celeriter

279 1238 314 1298 et
335 1238 410 1298 ante
435 1239 561 1299 noctem
588 1225 918 1308 vindienndumfiesse
945 1235 1107 1297 statuerat
1135 1226 1225 1311 (Sal.
1246 1250 1275 1297 e.
1296 1225 1359 1297 49.
1380 1232 1450 1299 eoll.
1472 1252 1523 1298 or.

268 1324 338 1411 lv,
359 1331 394 1416 3.
416 1332 452 1405 6.
476 1334 579 1428 te),
606 1341 709 1429 veluti
735 1341 842 1426 palma
864 1358 883 1403 e
902 1338 1052 1405 manibus
1076 1330 1356 1430 entorqueretur?
1395 1335 1463 1406 Sed
1487 1344 1524 1405 iu

277 1442 333 1509 his
354 1442 453 1507 rebus
476 1465 538 1511 sua
557 1451 719 1533 potestate
740 1442 857 1513 emero
877 1438 1003 1513 solebat
1023 1449 1203 1532 opportune
1222 1447 1281 1509 uti.
1470 1512 1475 1520 ,
1557 1446 1562 1453 ’

383 1551 463 1633 Quae
491 1572 589 1639 porro
618 1551 716 1619 dubie
735 1550 785 1621 „de
811 1554 954 1638 equitum
981 1550 1091 1617 studio
1110 1553 1145 1615 in
1172 1548 1377 1617 defendenda
1397 1556 1437 1621 re
1457 1572 1525 1638 pu·
1580 1628 1586 1635 ι

133 1728 139 1739 ,
278 1654 365 1723 hliea
391 1650 482 1745 (IV,
507 1677 534 1724 c.
563 1664 597 1731 7.
626 1650 768 1738 §,1·5.)
797 1657 968 1725 Ahrens.
1000 1660 1290 1746 interrogationum
1316 1660 1440 1726 cumulo
1467 1652 1523 1744 (p.

281 1758 368 1829 116.
391 1762 468 1828 117
490 1794 532 1805 -
555 1756 638 1844 18.)
659 1764 751 1829 velut
772 1782 836 1828 uno
857 1767 977 1860 spiritu
998 1762 1100 1829 effuso
1120 1769 1315 1855 eongessit,
1333 1785 1374 1833 ea
1398 1766 1525 1833 intaeta

280 1870 379 1945 malui
403 1870 596 1953 relinquere.
639 1868 685 1935 Et
705 1872 777 1953 ipse
799 1867 870 1953 ejus
890 1887 1060 1961 assensor,
1080 1888 1269 1957 quamquam
1291 1870 1460 1948 diseedere
1480 1874 1524 1937 ab

278 1973 335 2037 illo
356 1990 421 2037 non
442 1972 556 2061 audet,
584 1979 691 2039 tamen
711 1976 880 2061 improbat.
928 1975 997 2042 Res
1016 1981 1113 2044 nimis
1131 1985 1209 2046 nota
1228 1983 1296 2045 est:
1327 1997 1413 2045 unua
1433 1981 1525 2046 loeus

257 2082 336 2169 qui
365 2083 416 2145 est
441 2078 484 2144 ad
504 2080 575 2147 Λ11.
597 2082 639 2172 I.,
661 2080 738 2173 14,
769 2100 863 2167 quem
883 2086 985 2149 totum
1011 2086 1075 2150 iste
1096 2083 1208 2150 debuit
1228 2104 1408 2171 apponere,
1433 2083 1525 2152 suffi-

257 2196 259 2201 ’
279 2186 361 2248 eiet:
383 2184 532 2273 „Etenim
550 2184 629 2276 heee,
653 2190 768 2277 inquit,
783 2192 855 2253 erat
866 2187 1074 2275 hypothesis:
1096 2188 1137 2255 de
1148 2184 1316 2277 grauitme
1329 2192 1464 2280 ordinis,
1481 2194 1524 2259 ‹le

279 2282 462 2374 equestri
490 2294 722 2360 eoncordia:
756 2298 871 2361 nosti
900 2299 943 2363 in
968 2296 1043 2363 hee
1070 2300 1239 2362 materia
1265 2300 1424 2362 sonitus
1450 2319 1524 2364 no·-

279 2382 420 2462 stros“
462 2397 577 2483 Neque
605 2405 678 2486 ipse
705 2404 841 2468 criticus
865 2422 933 2468 rem
958 2406 1090 2491 ignorat
1119 2394 1281 2489 (11121.
1309 2400 1430 2495 merl),
1464 2408 1525 2474 sed

277 2500 384 2569 haeret
403 2505 438 2568 in
457 2495 655 2571 hodierno
677 2504 748 2571 die
768 2503 866 2596 (lv,
894 2502 929 2587 3
953 2501 1051 2595 15.];
1084 2511 1210 2575 seilicet
1239 2510 1394 2597 abreptus
1415 2514 1524 2599 impu-

200 2606 202 2614 '
279 2607 405 2695 gnandi
426 2613 598 2675 veritatem
619 2610 729 2676 studio
748 2630 813 2675 non
832 2612 932 2701 vidit,
959 2611 1075 2679 iisdem
1095 2613 1228 2703 Nonis,
1241 2635 1313 2701 quae
1340 2626 1525 2688 sexcenties

271 2711 474 2804 laudantur,
495 2718 631 2800 primum
651 2736 672 2781 a
693 2712 834 2783 Consule
854 2722 929 2783 ante
950 2718 1051 2783 adem
1071 2714 1279 2811 Concordiae,
1313 2725 1369 2790 uhi
1390 2733 1524 2798 senatus
1592 2777 1595 2794 ,

272 2814 472 2908 trahebatur,
495 2824 634 2905 equitum
648 2818 879 2908 praesidiumt]
892 2825 1081 2894 collocatum
1092 2843 1176 2891 esse
1213 2824 1363 2897 Ceterum
1374 2838 1446 2899 siue
1459 2838 1525 2924 ille,

280 2924 355 2987 sive
377 2924 461 2989 alius
483 2926 555 2991 dies
577 2929 722 2993 ordinem
742 2934 924 3014 equestrem
944 2936 1335 3026 senatui'reeoncillavit,
1367 2944 1524 3026 temporis

273 3033 408 3129 ¹initiqm
431 3040 541 3100 orator
561 3055 674 3120 parum
696 3042 798 3103 curat.
850 3037 942 3105 'l'alia
962 3042 998 3130 in
1017 3038 1082 3115 hae
1102 3046 1248 3108 oratione
1267 3046 1406 3130 phuima
1427 3052 1526 3114 inve-

264 3141 417 3203 niuntur
438 3140 642 3229 exaggerata
663 3145 718 3209 vel
739 3148 894 3235 repetita,
922 3164 995 3232 quae
1015 3154 1125 3213 causae
1144 3155 1178 3214 et
1197 3153 1333 3238 tempori
1354 3144 1524 3225 concedes.

280 3239 340 3309 Sie
361 3242 537 3311 hodiernus
559 3234 651 3312 dies“
672 3244 790 3337 3.,15.
814 3250 876 3317 18.
899 3248 960 3319 19.
980 3257 1032 3317 ter
1051 3255 1106 3318 vel
1127 3261 1242 3339 quater
1262 3264 1421 3345 oeeurrit3
1437 3246 1527 3348 jux-

272 3354 318 3415 ·ta
337 3349 413 3437 „hie
435 3337 527 3415 ‹lies‘⁴
549 3346 583 3432 3.
607 3353 666 3417 15.
714 3354 797 3441 Ejus
818 3362 952 3445 generis
973 3359 1039 3424 alia
1058 3357 1123 3424 duo
1143 3368 1236 3451 sunt,
1257 3382 1340 3449 qua
1361 3343 1526 3434 adversa-

281 3460 367 3544 rius,
393 3462 430 3522 ut
443 3459 545 3525 ,salva
571 3464 741 3546 greeoitate
766 3461 886 3552 dioem,
913 3464 1177 3532 antichronismos
1203 3467 1316 3535 haberi
1341 3474 1461 3538 voluit:
1485 3474 1526 3543 r.

284 3556 367 3642 13.
390 3562 424 3627 3.
446 3568 778 3652 „circumseseum
797 3587 853 3633 me
879 3554 1033 3658 video“,
1064 3576 1098 3638 et
1118 3566 1153 3652 3.
1174 3567 1211 3637 6.
1238 3578 1403 3663 „multas
1424 3598 1526 3664 pro-

285 3671 445 3761 vincias
476 3666 615 3737 malum
640 3661 928 3764 peragravit“;
960 3676 1047 3763 quot
1070 3682 1242 3767 utrumque
1265 3689 1368 3771 negat
1393 3684 1415 3752 a
1440 3670 1526 3775 qure-=

204 3969 211 3979 .
323 3904 352 3961 ὃ)
368 3904 419 3962 eto,
438 3906 502 3956 Phil.
521 3910 566 3973 ll,
588 3908 612 3967 8,
629 3912 659 3959 ad
678 3912 763 3970 tamti,
779 3918 822 3983 X,
842 3919 884 3978 η.
