3309 4567
611 304 856 385 ⁸15...

101 506 298 574 imun'seendi
319 504 460 573 studium
479 506 525 570 ita
545 506 580 570 in
599 502 726 573 deliciis
745 504 1041 591 hahercvihotur,
1069 513 1107 574 ut
1124 526 1168 577 ne
1188 508 1370 597 αυρταΙιαα-Ι

100 626 178 693 dere
200 622 328 710 quidem
348 621 414 688 hoc'
428 620 515 687 iorie
533 622 1003 711 nimiumsinguloro‘poosia
1023 620 1088 689 nisi
1100 620 1374 715 immmograeco

100 740 275 829 proverbio
294 741 334 825 i).
374 730 517 804 Hoesitat
536 740 634 805 enam
653 738 698 804 V.
717 732 759 805 (i.
779 740 814 806 in
833 736 1043 826 Philippicist
1062 736 1172 823 „Tota
1190 743 1376 829 crimin-1

100 857 192 942 quit5
203 859 269 921 isia
288 856 485 942 comparatio
505 859 654 941 tempore
672 854 749 939 illo,
769 870 832 941 qno
851 856 976 943 scipta
991 855 1164 942 iunguntur
1175 856 1281 923 verita
1296 856 1376 924 imai

15 988 16 993 α
100 958 273 1059 suspecto,
293 971 532 1051 onerosum,
553 968 800 1038 commovero
822 973 855 1037 o·
873 973 909 1037 m
924 972 1065 1038 montem
1082 976 1201 1040 venre
1209 979 1377 1060 memo

100 1092 154 1176 qui
174 1094 210 1155 et
229 1084 462 1159 Demosthenis
481 1093 516 1155 et
529 1086 701 1155 ciceronis
720 1084 923 1176 Philippicas
942 1089 1060 1157 nosset
1077 1093 1113 1157 in
1132 1106 1240 1177 eoque
1258 1090 1375 1157 ornae·-

98 1206 235 1273 randum
254 1210 402 1293 putaret,
432 1210 469 1271 nt
496 1222 578 1271 una
606 1222 679 1273 cum
697 1204 870 1273 Ciceronis
887 1203 1079 1295 Philippicis
1110 1208 1250 1273 alterum
1278 1208 1376 1273 etham

101 1323 328 1390 consularium
344 1344 430 1407 σῶμα
452 1326 621 1402 exstaret,
651 1323 874 1405 utriusque
895 1325 1035 1389 oratoris
1054 1322 1246 1407 Philippicis
1273 1315 1376 1406 squi-

97 1437 296 1525 parandum,
327 1433 413 1518 quod
432 1427 561 1518 quidem
589 1436 662 1517 ipse
694 1447 739 1496 ex
767 1434 862 1498 veris
888 1438 930 1498 et
954 1418 1085 1499 l'olsis
1105 1433 1222 1501 callide
1243 1452 1377 1520 compo-

101 1552 241 1619 suerat?
281 1550 404 1615 Pateor
433 1563 487 1613 me
517 1545 731 1611 vehementer
756 1552 950 1613 commotum
975 1546 1095 1634 fuisse,
1118 1545 1198 1615 oum
1230 1548 1266 1615 in
1293 1549 1378 1615 hanc

100 1670 185 1734 sorte
206 1664 522 1753 argumentationem
542 1674 594 1726 me
613 1662 791 1729 incurrisse
812 1662 978 1748 viderem,
999 1678 1064 1749 qua
1083 1679 1153 1752 ego
1171 1665 1220 1730 uti
1239 1666 1376 1731 inverso

103 1783 216 1850 ordine
244 1781 400 1869 perlectis
426 1779 540 1865 primis
566 1777 673 1842 literis
706 1782 816 1843 mente
848 1781 1084 1865 concepissem.
1125 1776 1213 1847 Nam
1242 1780 1310 1865 hic,
1341 1786 1379 1845 ut

102 1910 185 1965 vere
221 1899 344 1977 dicam,
382 1890 557 1960 AUllhlLI
592 1892 707 1959 modus
749 1898 803 1959 est
840 1895 1074 1961 ratiocinandi:
1114 1894 1171 1961 hir
1202 1913 1258 1980 eo,
1293 1896 1378 1980 quod

104 2016 204 2079 etiam
225 2012 395 2078 Ciceronis
423 2015 519 2075 erant
552 2010 720 2075 orationes
740 2008 945 2097 philippicae,
976 2028 1048 2097 quae
1077 2010 1119 2076 ad
1146 2010 1378 2078 Demosthenis

102 2130 351 2216 philippicarum
384 2124 625 2191 similitudinem
657 2126 806 2211 proxime
833 2124 1046 2210 accederent,
1080 2131 1288 2192 consecutum
1315 2132 1378 2211 est,

103 2250 141 2311 ut
159 2241 342 2331 hujusmodi
361 2258 481 2328 corpus
501 2243 682 2308 orationum
703 2258 747 2307 ex
767 2242 860 2307 veris
885 2245 921 2307 et
939 2240 1034 2308 ialsis
1053 2238 1188 2307 mixtum
1208 2240 1379 2309 ciceronis

100 2360 233 2426 nomine
254 2364 503 2447 supponeretur.
547 2358 610 2441 Qui
629 2369 711 2425 vero
732 2359 846 2425 hercle
865 2359 986 2427 homini
1005 2358 1219 2442 scholastico,
1240 2361 1295 2445 qui
1307 2356 1379 2424 no

104 2476 284 2544 mosthenis
304 2474 503 2542 oratiomhus
523 2470 724 2563 Philippicas
745 2474 914 2541 Ciceronis
944 2476 1001 2542 vel
1028 2478 1157 2543 nomine
1181 2479 1251 2559 jam
1277 2475 1380 2559 squi-

103 2598 239 2682 paretas
259 2596 391 2676 nosset,
423 2593 479 2676 qui
508 2606 620 2676 quaeso
641 2592 676 2657 in
696 2594 838 2657 mentem
858 2592 975 2657 venire
994 2595 1143 2678 poterat,
1175 2596 1212 2654 ut
1242 2588 1380 2651 alterum
1473 2658 1477 2663 ,

106 2727 224 2796 corpus
245 2709 425 2776 orationum
444 2707 545 2794 plane
565 2704 749 2791 diversum,
770 2724 853 2793 opus
874 2706 968 2791 quasi
987 2705 1136 2772 emulum
1155 2702 1280 2789 aemuli,
1299 2722 1380 2770 con·
1456 2726 1460 2733 ·

107 2825 334 2891 sarcinarum
364 2816 526 2912 putaret?
567 2823 693 2890 Contra
722 2824 872 2890 omnibns
902 2825 1018 2909 opinor
1047 2822 1147 2907 plane
1174 2818 1382 2909 perspicuum

108 2943 183 3021 est,
209 2956 250 3003 ea
270 2943 385 3025 aetate,
417 2956 480 3027 qua
500 2941 605 3007 verba
624 2940 691 3006 ista
712 2936 864 3025 epistole
882 2932 1085 3003 munninio
1106 2940 1235 3004 unua
1254 2939 1380 3007 scrihe-

107 3056 242 3131 bonon,
263 3052 432 3119 Ciceronis
445 3054 647 3141 Philippicas
658 3054 832 3119 exstitisse
844 3049 963 3119 nullas.
1003 3052 1147 3142 Scripta<
1156 3056 1260 3145 igitur
1276 3054 1380 3122 verba

109 3180 188 3237 esso
207 3180 274 3235 non
292 3171 433 3255 possunt
451 3169 518 3237 nisi
536 3168 674 3235 vivente
693 3166 865 3234 cicerone.
907 3162 1032 3251 Quodsi
1060 3172 1107 3237 ita
1137 3176 1210 3258 est,
1240 3171 1281 3241 ah
1308 3171 1380 3257 ipso

110 3282 270 3352 Cicerone
290 3283 429 3369 scripta,
455 3284 538 3349 satis
558 3286 704 3369 apparet.

146 3621 170 3681 ⁸)
186 3628 231 3699 Pp·
244 3626 320 3695 xarpl
336 3621 396 3681 icat
408 3626 477 3685 (alo)
494 3624 630 3695 σκαίρειν,
646 3619 719 3679 ἀλλὰ
735 3618 778 3691 μὴ
794 3617 853 3691 ὅλῳ
869 3622 909 3691 τᾷ
924 3620 1048 3688 θυλάκῳ.
